2921 3716
1584 372 1652 420 20
1719 391 1924 397 „—

810 508 950 559 Quum
965 520 1065 549 vero
1079 503 1185 548 Mad
1200 519 1353 548 nomen
1366 509 1480 548 esset
1493 517 1670 560 prorsus
1689 502 1893 558 ignotum,
1912 499 2000 542 iam
2013 499 2178 554 pridem
2192 514 2336 543 rerum
2354 499 2537 542 necessi-

693 591 786 630 tate
807 585 1028 635 movebar,
1058 587 1108 627 ut
1127 582 1398 635 conficerem,
1426 583 1652 638 Iosephum
1679 577 1830 638 κώμης
1849 578 1963 629 Ζιᾶς
1980 578 2124 632 potius
2145 578 2386 633 scripsisse,
2425 577 2538 632 quod

694 665 749 708 ab
770 666 1080 719 Havercampio
1101 661 1247 712 etiam,
1268 665 1317 703 ut
1335 674 1448 704 nunc
1465 661 1588 704 video
1608 660 1709 703 dum
1729 659 1820 702 eius
1841 656 1984 700 evolvo
2004 655 2251 707 editionem,
2271 657 2537 712 propositum

696 747 772 788 est.
833 742 957 787 Certe
999 740 1185 784 dabatur
1213 736 1302 784 Ζία
1331 736 1479 798 κώμη,
1519 742 1629 783 teste
1660 737 1843 782 Eusebio
1871 736 2018 780 Onom.
2050 749 2090 790 p.
2127 739 2218 778 159.
2258 732 2321 787 ὡς
2360 731 2454 781 ἀπὸ
2485 729 2538 780 ιε’

696 818 894 880 σημείων
938 816 1247 876 ωιλαδελφίας
1277 816 1355 862 ἐπὶ
1387 815 1558 874 δυσμάς
1587 818 1682 860 sita.
1741 816 1832 859 Iam
1861 829 1990 870 quum
2016 814 2228 857 Eusebius
2258 814 2283 856 1.
2313 829 2346 858 c.
2376 830 2416 870 p.
2447 818 2538 858 129.

693 899 967 950 testificetur,
1000 894 1205 951 Ῥαμιόθ,
1236 897 1386 940 urbem
1415 895 1698 946 Galadenam,
1729 909 1857 949 quam
1887 908 1982 936 cum
2009 891 2215 936 hodierna
2234 893 2403 949 aig-§alt
2432 893 2537 936 urbe

695 978 918 1021 convenire
959 990 1089 1031 supra
1129 990 1167 1029 p.
1204 978 1266 1017 10.
1293 975 1496 1026 vidimus,
1530 974 1660 1017 etiam
1687 969 1748 1024 ὥς
1777 967 1872 1015 ἀπὸ
1905 968 1959 1015 ιε’
1985 969 2179 1029 σημείων
2230 970 2540 1026 Φιλαδελφίας

698 1055 814 1114 πρὸς
835 1053 1018 1109 δυσμὰς,
1039 1068 1123 1096 non
1144 1062 1318 1104 „contra
1345 1055 1595 1105 Orientem‚“
1615 1056 1664 1096 ut
1682 1052 1968 1108 Hieronymus
1995 1064 2141 1094 errore
2168 1049 2311 1093 nescio
2341 1064 2425 1104 quo
2444 1064 2538 1105 per-

696 1135 832 1185 hibet,
866 1148 960 1176 esse
980 1137 1207 1183 remotam,
1239 1147 1290 1176 eo
1310 1132 1411 1175 licet
1430 1133 1651 1183 coniicere,
1671 1133 1752 1175 Zia
1776 1131 1914 1174 vicum
1933 1130 2050 1173 haud
2068 1129 2218 1186 procul
2236 1130 2290 1173 ab
2312 1130 2418 1172 urbe
2441 1131 2536 1186 Sale

695 1213 983 1269 quaerendum
1010 1227 1117 1255 esse.
1175 1212 1235 1253 Ac
1255 1212 1453 1267 profecto
1475 1213 1801 1267 septentrionem
1830 1224 1977 1253 versus
1997 1210 2057 1252 ibi
2087 1211 2218 1252 etiam
2245 1224 2354 1252 nunc
2383 1209 2540 1251 inveni-

695 1297 826 1336 untur
854 1292 1003 1335 ruinae
1034 1292 1088 1334 ΖΞ
1108 1288 1217 1353 (φρ)
1259 1296 1435 1335 vocatae
1465 1290 1580 1346 apud
1607 1291 1863 1334 Seetzenium
1893 1290 1924 1332 Ι.
1965 1305 2005 1345 p.
2045 1293 2154 1341 395„
2185 1288 2470 1339 abiman,
2503 1292 2539 1329 2.

698 1371 737 1426 p.
759 1373 868 1422 921„
894 1384 921 1414 a
940 1371 1144 1427 Kieperto
1174 1372 1217 1413 et
1236 1370 1572 1414 Zimmermanno
1592 1370 1636 1413 in
1655 1368 1813 1412 tabulis
1841 1373 1957 1412 recte
1987 1369 2277 1425 consignatae.
2337 1368 2434 1411 Sine
2462 1367 2538 1409 du-

699 1449 768 1493 bio
788 1450 1004 1504 pertinent
1022 1448 1078 1492 ad
1098 1444 1186 1491 Ζιά
1206 1449 1355 1499 vicum,
1383 1450 1602 1492 seditionis
1622 1449 1722 1491 olim
1743 1448 1902 1498 sedem,
1930 1448 1983 1490 de
2002 1462 2087 1501 qua
2107 1448 2311 1502 Iosephus
2337 1447 2535 1500 loquitur.

810 1572 1002 1627 Denique
1031 1577 1242 1627 superest,
1269 1576 1317 1614 ut
1344 1571 1501 1626 triplici
1520 1566 1771 1626 quaestioni,
1792 1586 1819 1615 a
1837 1572 1928 1615 viro
1949 1571 2197 1614 doctissimo
2228 1586 2279 1615 ac
2307 1571 2361 1614 de
2387 1583 2539 1625 cogno-

697 1651 857 1692 scenda
876 1655 994 1692 terra
1009 1654 1158 1692 sancta
1172 1649 1456 1699 meritissimo,
1484 1649 1634 1692 Carolo
1652 1652 1877 1701 Raumero,
1897 1649 2082 1692 Palaest.
2104 1662 2143 1704 p.
2166 1654 2259 1694 235.
2281 1649 2539 1705 propositae,

696 1732 954 1770 momentum
974 1727 1117 1770 facere
1139 1741 1341 1770 conemur
1359 1743 1366 1769 :

817 1841 857 1894 1)
878 1839 1049 1894 quaerit
1063 1841 1308 1891 Raumerm,
1329 1854 1429 1882 num
1448 1853 1521 1901 εις),
1543 1853 1616 1897 :532
1636 1839 1726 1882 Iud.
1744 1844 1781 1891 7,
1800 1843 1865 1883 25.
1888 1840 2037 1882 eadem
2057 1840 2114 1882 sit
2128 1845 2259 1894 atque
2275 1838 2374 1896 Ζήβ
2389 1839 2543 1897 (Ζήμ),

698 1919 812 1975 apud
839 1917 1070 1960 Eusebium
1098 1917 1247 1961 Onom.
1274 1933 1314 1973 p.
1339 1921 1431 1962 159.
1460 1918 1591 1969 πόλις
1606 1914 1810 1973 Ἀμμάνῗ
1826 1948 1835 1953 -
1851 1918 2123 1974 Respondeo,
2162 1918 2205 1961 id
2231 1919 2275 1961 in
2300 1918 2543 1961 discrimine

697 2012 782 2042 non
810 1998 988 2049 versari,
1024 2011 1154 2053 quum
1183 1997 1227 2040 id
1254 1997 1394 2053 ipsum
1421 1998 1498 2050 sit,
1531 1998 1646 2053 quod
1672 1997 1884 2042 Eusebius
1914 1997 2117 2049 voluerit,
2145 1996 2245 2041 licet
2265 2012 2429 2049 errore,
2459 2013 2543 2052 quo

697 2076 981 2133 Hieronymus
1003 2076 1132 2119 etiam
1148 2080 1329 2129 tenetur,
1349 2077 1518 2129 dixerit,
1539 2077 1623 2119 Ζεῦ
1637 2077 1750 2132 apud
1764 2077 1987 2120 Ieremiam
2001 2079 2143 2120 vatem
2157 2076 2346 2120 inveniri.
2386 2076 2546 2128 Quodsi

697 2170 797 2200 vero
817 2157 1021 2199 Raumeri
1038 2155 1249 2198 sententia
1269 2155 1377 2213 haec
1406 2158 1492 2206 est,
1532 2160 1579 2198 ut
1611 2161 1812 2210 quaerat,
1850 2171 1950 2198 num
1975 2170 2049 2218 τηενξ
2079 2157 2302 2200 conveniat
2329 2170 2423 2198 cum
2443 2153 2543 2207 Ζία,

703 2248 811 2289 quae
833 2234 1021 2276 Eusebio
1042 2233 1206 2276 videtur
1226 2248 1253 2276 a
1273 2233 1372 2291 Ζήβ
1391 2249 1475 2276 non
1495 2233 1665 2276 diversa
1686 2248 1800 2285 esse,
1830 2239 1932 2276 tunc
1951 2234 2165 2289 refragor,
2195 2235 2298 2289 quia
2316 2248 2391 2295 :my¹
2413 2239 2456 2276 et
2475 2251 2544 2295 5)-

697 2312 870 2355 nomina
900 2312 960 2354 nil
991 2312 1073 2353 nisi
1093 2326 1223 2354 unum
1243 2316 1546 2354 consonantem
1573 2326 1721 2354 sonum
1749 2313 1908 2355 habent
1934 2326 2172 2364 commune,
2211 2316 2436 2367 praeterea
2463 2312 2546 2355 sibi

698 2394 797 2433 sunt
816 2389 1106 2432 dissimillima.
1166 2390 1329 2432 Deinde
1349 2391 1449 2448 Ζήβ
1472 2392 1621 2434 urbem
1640 2391 1816 2434 Eusebii
1843 2395 1986 2434 aetate
2015 2391 2287 2446 superstitem
2313 2391 2463 2442 fuisse,
2501 2391 2546 2433 id

698 2469 920 2523 scriptoris
960 2469 1090 2511 verba
1127 2469 1243 2512 nullo
1282 2469 1406 2511 modo
1446 2468 1741 2511 testificantur.
1799 2470 1909 2512 Nam
1935 2469 2035 2527 Ζήβ
2064 2470 2250 2512 Eusebio
2289 2469 2455 2512 nonnisi
2495 2482 2548 2512 ex

698 2560 853 2602 graeco
874 2546 1109 2589 Bibliorum
1130 2551 1330 2590 contextu
1350 2547 1629 2603 Septuaginta
1649 2548 1834 2591 virorum
1854 2549 2057 2599 innotuit,
2088 2547 2258 2591 aliunde
2284 2561 2437 2591 nomen
2463 2561 2547 2590 non

697 2626 825 2668 novit.
885 2626 1141 2669 Testimonio
1167 2627 1211 2668 id
1230 2628 1368 2681 ipsum
1396 2630 1481 2678 est,
1512 2626 1626 2680 quod
1645 2626 1744 2683 Ζήβ
1763 2627 1885 2684 (effer
1905 2630 1922 2669 i
1941 2627 2092 2682 vocali)
2113 2642 2209 2669 cum
2229 2624 2318 2671 Ζία
2337 2628 2430 2670 vico
2451 2641 2546 2669 con-

697 2706 858 2756 venire,
898 2705 1066 2748 nonnisi
1093 2720 1174 2748 sua
1204 2720 1340 2761 eaque
1364 2705 1592 2748 admodum
1621 2705 1775 2748 audaci
1801 2707 2046 2749 coniectura
2066 2720 2167 2750 usus
2188 2721 2239 2750 ac
2260 2710 2425 2749 remota
2445 2721 2547 2760 qua-

697 2782 796 2826 dam
817 2797 1016 2826 sonorum
1032 2783 1304 2827 similitudine
1320 2784 1485 2836 ductus,
1506 2798 1559 2827 ne
1579 2785 1718 2829 dicam
1737 2785 1953 2841 deceptus,
1975 2788 2179 2836 autumet,
2202 2785 2398 2828 similiter
2418 2789 2545 2841 atque

695 2866 862 2905 veteres
883 2863 953 2918 (cf.
973 2863 1125 2906 Euseb.
1146 2879 1186 2918 p.
1208 2866 1292 2919 80.)
1319 2865 1426 2908 adeo
1447 2862 1537 2908 Γαΐ
1563 2879 1738 2916 nemen,
1778 2879 1861 2920 quo
1893 2864 2175 2920 Septuaginta
2193 2865 2450 2920 interpretes
2475 2865 2546 2907 he-

697 2942 877 2985 braeum
897 2954 974 2992 ψῃ,
996 2953 1088 2993 nww,
1108 2942 1231 2985 Num.
1254 2945 1319 2994 33,
1341 2947 1395 2985 44
1416 2957 1478 2999 sq.
1498 2943 1807 3003 transscribere
1828 2933 2106 2994 studuerunt,v
2122 2943 2167 2986 in
2193 2943 2305 2988 Gaia
2326 2944 2416 2987 vico
2436 2943 2546 2987 Edo-

696 3020 854 3071 mitico,
864 3021 995 3063 etiam
1004 3035 1114 3063 nunc
1125 3024 1188 3064 al·
1196 3021 1267 3065 G‘i
1280 3006 1411 3085 (ύᾈ)
1428 3036 1513 3065 non
1528 3022 1707 3065 multum
1723 3036 1750 3065 a
1764 3022 1895 3065 Petra
1907 3022 1952 3064 in
1962 3021 2082 3064 Valle
2094 3021 2226 3065 Mosis
2243 3022 2394 3086 (5⁵27-
2412 3022 2545 3081 5052)

698 3099 905 3150 distante,
932 3101 1229 3155 recognovisse
1250 3102 1356 3144 satis
1375 3101 1659 3156 incogitanter
1679 3101 1760 3143 sibi
1779 3101 1857 3144 visi
1877 3106 1976 3143 sunt
1999 3101 2112 3157 (vide
2132 3115 2199 3144 me
2223 3102 2268 3144 in
2287 3101 2489 3144 Zeitschr.
2509 3101 2550 3144 d.
