2921 3716
1171 366 1364 398 ,———
1445 344 1509 392 16
1576 366 1590 370 -
1644 367 1782 380 ..--

554 475 732 531 plicata,
753 475 799 518 in
813 486 905 530 'qua
926 475 1070 531 oppidi
1089 475 1253 538 incolae
1274 473 1558 533 Ζοραουηνοί
1577 472 1801 526 vocantur,
1824 475 2074 527 edocemur,
2093 489 2247 519 nomen
2267 475 2408 519 medio

554 570 658 598 aevo
677 560 768 598 tam
790 554 905 610 apud
920 555 1085 598 Arabes
1106 570 1234 611 quam
1253 554 1366 611 apud
1387 553 1520 598 Cruce
1540 554 1730 611 signatos
1749 545 1955 611 usitatum
1975 537 2046 626 ᾧ)
2067 555 2223 614 (Abulf.
2243 570 2283 611 p.
2290 545 2405 606 2.59

556 634 734 676 Merass.
761 634 828 677 al·
836 634 932 676 ittil.
953 634 984 675 Ι.
1013 648 1053 689 p.
1076 638 1170 677 328.
1202 648 1234 676 s.
1264 650 1300 675 v.
1319 661 1343 686 ,
1335 630 1515 694 ·„i)5>)
1541 636 1654 676 Zora
1675 634 1805 689 (locus
1825 635 1976 676 celeber
1995 642 2035 676 et
2047 636 2240 688 famosus
2260 659 2315 664 —
2335 636 2409 690 qui

557 732 582 756 a
607 715 867 757 Damascena
888 729 971 759 non
993 714 1169 757 mul-tum
1191 714 1322 756 distat
1342 714 1457 766 urbe)
1479 711 1588 755 Guil.
1610 712 1706 768 Tyr.
1726 711 1867 763 XXII,
1899 715 1966 754 20.
1990 702 2115 754 simul
2135 725 2231 754 esse
2251 726 2404 754 nomen

558 792 704 858 oppidi
723 797 857 835 vetus.
915 792 1084 834 Zorae
1071 806 1116 833 1n
1136 791 1286 835 Bibliis
1306 792 1442 834 sacris
1461 792 1633 847 quidem
1652 791 1770 835 nulla
1787 791 1836 834 fit
1856 791 2212 834 commemoratio.
2267 791 2406 841 Quum

557 876 701 914 tamen
729 870 931 913 credibile
969 871 1046 920 sit,
1086 871 1235 913 urbem
1262 871 1398 924 ipsam
1420 869 1509 913 iam
1533 870 1765 913 Alexandri
1791 870 1962 913 Iannaei
1986 869 2251 924 temporibus
2273 869 2406 912 exsti·

557 950 662 992 tisse
683 952 726 991 et
745 938 962 1003 copiosam
982 948 1125 998 fuisse,
1147 948 1190 990 in
1212 948 1391 991 eandem
1413 963 1508 991 cum
1535 949 1706 992 Gesenio
1728 949 1927 1009 abierunt
1947 947 2200 992 sententiam
2221 949 2407 991 Raumer

559 1028 742 1070 Palaest.
763 1042 802 1082 p.
825 1031 939 1077 218„
959 1029 1105 1070 Rz‘tter
1125 1027 1214 1077 XV,
1238 1032 1275 1068 2.
1296 1042 1335 1082 p.
1359 1032 1471 1079 861„
1491 1028 1576 1070 alii.
1634 1029 1691 1070 At
1708 1042 1809 1071 vero
1829 1029 1914 1080 via,
1936 1013 2074 1083 quam*
2091 1028 2286 1071 Gemina
2306 1025 2405 1070 olim

556 1107 758 1161 praeivit,
789 1106 833 1148 in
854 1120 1045 1148 errorem
1067 1098 1175 1159 lapsi
1196 1110 1296 1148 sunt
1315 1106 1598 1150 laudatissimi
1619 1106 1709 1149 viri.
1768 1101 1934 1161 Pugnat
1961 1107 2072 1149 enim
2102 1106 2314 1149 sententia
2333 1105 2408 1149 illa

556 1173 647 1228 'tam
675 1199 770 1227 cum
796 1198 941 1226 rerum
968 1189 1188 1238 gestarum
1222 1185 1450 1236 memoria,
1485 1199 1611 1239 quam
1645 1199 1740 1226 cum
1776 1185 1882 1240 ipsis
1909 1184 2078 1240 Iosephi
2107 1184 2258 1227 verbis.
2312 1184 2408 1234 ,Iam

556 1263 673 1319 quod
690 1264 845 1306 attinet
866 1263 923 1306 ad
945 1277 1088 1306 rerum
1116 1264 1632 1319 gestarummemoriam,
1673 1278 1851 1318 prorsus
1881 1252 2083 1318 ignotum*
2101 1268 2184 1314 est,
2225 1263 2406 1306 Iudaeos

557 1342 788 1386 Alexandri
807 1342 985 1386 Iannaei
1005 1346 1148 1385 aetate
1167 1342 1211 1384 in
1231 1342 1524 1385 Auranitidem
1546 1342 1651 1385 satis
1672 1346 1878 1385 remotam
1902 1356 2023 1385 arma
2053 1356 2131 1385 sua
2156 1342 2305 1385 tulisse
2332 1342 2408 1386 ibi-

558 1428 641 1484 que
663 1421 792 1465 urbes
812 1422 1000 1466 munitas
1021 1421 1100 1464 sub
1120 1436 1240 1464 suam
1259 1426 1518 1477 potestatem
1537 1421 1773 1477 redegisse,
1800 1408 2204 1477 praesertim'quum
2226 1421 2406 1477 Iosepho

560 1505 672 1543 teste
698 1502 795 1542 Ant.
815 1501 915 1551 XV,
940 1505 1010 1552 10,
1036 1505 1054 1542 1
1079 1514 1170 1555 sqq.
1198 1501 1244 1542 B.
1263 1500 1301 1542 J.
1321 1501 1357 1551 I,
1379 1504 1452 1552 20,
1480 1505 1495 1543 l
1521 1515 1582 1554 sq.
1610 1501 1812 1550 sciamus,
1845 1501 2158 1552 Auranitidem,
2197 1515 2283 1544 una
2311 1515 2407 1543 cum

560 1580 782 1639 Trachone
804 1584 849 1622 et
867 1579 1104 1630 Batanaea,
1125 1579 1287 1622 Herodi
1307 1579 1475 1622 demum
1495 1594 1522 1621 a
1543 1578 1729 1623 Caesare
1749 1579 1912 1631 datam,
1942 1584 2072 1622 antea
2088 1584 2256 1635 partem
2275 1578 2406 1621 fuisse

559 1657 857 1714 praefecturae
878 1658 1099 1714 Zenodori.
1146 1658 1309 1701 Deinde
1331 1664 1500 1701 tantum
1518 1658 1653 1710 abest,
1678 1662 1727 1700 ut
1754 1658 1949 1702 Gemina
1968 1663 2084 1702 recte
2104 1658 2408 1710 observaverit,

560 1737 789 1792 Iosephum
810 1737 890 1781 hoc
911 1738 1005 1781 loco
1024 1739 1168 1793 plures
1189 1739 1325 1782 Zorae
1352 1738 1397 1780 in
1416 1734 1661 1781 Auranitide
1692 1738 1800 1781 sitae
1820 1738 1977 1781 vicinas
1993 1726 2061 1793 ¹²²)
2086 1738 2214 1784 urbes
2242 1752 2408 1781 enume-

560 1831 678 1868 rare,
719 1821 786 1868 ut,
827 1799 935 1872 quas
954 1831 1107 1861 revera
1127 1817 1410 1860 nominaverit
1428 1817 1628 1872 scriptor,
1662 1817 1716 1860 iis
1736 1806 1960 1873 arguatur,
1994 1819 2124 1875 Ζᾶρα
2145 1817 2342 1873 oppidum
2364 1817 2408 1859 in

558 1895 809 1948 Moabitide,
838 1910 923 1939 non
942 1896 986 1938 in
1006 1896 1256 1940 Auranitide
1268 1929 1277 1947 ,
1294 1884 1460 1951 ‘quaeri
1481 1896 1646 1947 deberi,
1672 1910 1749 1939 nec
1769 1896 1907 1941 solum
1925 1897 1970 1939 in
1988 1896 2241 1948 Moabitide,
2273 1896 2348 1941 sed
2366 1896 2410 1939 in

546 1975 693 2018 'Maris
713 1974 873 2018 Mortui
894 1975 1022 2018 etiam
1041 1976 1213 2027 vicinia,
1251 1985 1381 2029 quum
1402 1973 1609 2025 Κιλίκιος
1629 1968 1798 2019 ἀὐλῶν’
1814 1976 1874 2030 ³),
1914 1974 2119 2030 quidquid
2140 1975 2216 2026 sit,
2250 1974 2294 2017 in
2313 1989 2410 2030 pro-

558 2052 692 2095 funda
715 2053 825 2096 valle
847 2055 923 2095 al·
937 2054 1053 2097 Gk6r
1077 2054 1218 2096 locum
1238 2068 1361 2096 suum
1381 2053 1599 2105 habuerit,
1639 2067 1812 2096 necesse
1841 2055 1908 2096 sit.
1927 2052 1929 2054 “
1970 2054 2093 2104 Quod
2119 2054 2155 2095 si
2186 2054 2410 2107 diligenter

560 2131 849 2183 observamus,
870 2131 975 2174 nihil
993 2132 1219 2195 proclivius
1239 2136 1317 2183 est,
1338 2146 1466 2187 quam
1485 2137 1533 2174 ut
1548 2132 1826 2178 restituamus
1841 2132 1985 2187 oppidi
1997 2146 2151 2175 nomen
2166 2132 2221 2174 ab
2232 2131 2409 2185 Iosepho

559 2210 904 2266 olimscriptum,
925 2211 1028 2254 licet
1043 2211 1138 2254 libri
1158 2211 1438 2266 manuscripti
1457 2210 1699 2254 adiumento
1719 2225 1805 2254 non
1825 2211 1921 2262 sint,
1942 2218 2093 2265 nempe
2115 2210 2296 2269 Ζώαρα,
2318 2210 2358 2253 h.
2374 2224 2409 2253 e.

559 2294 642 2337 aasz
666 2289 835 2332 Veteris
858 2290 1138 2341 Testamenti,
1159 2290 1382 2333 notissima
1401 2289 1503 2332 urbs
1524 2289 1648 2345 (Ptol.
1668 2289 1717 2340 V,
1743 2293 1805 2340 17,
1827 2280 1903 2344 5.),'
1930 2303 2040 2344 quae
2062 2289 2154 2333 sola
2172 2291 2215 2332 in
2237 2289 2318 2332 hac
2339 2304 2410 2345 op-

679 2460 746 2512 ¹²)
788 2463 932 2500 Geaenin·
962 2469 1136 2503 errorem
1167 2470 1286 2513 auget
1318 2464 1439 2499 Ritter
1465 2463 1491 2501 1.
1520 2475 1550 2501 c.
1580 2476 1616 2513 p.
1638 2463 1753 2509 861..
1794 2462 2074 2510 ubi-coniicit,
2115 2462 2408 2514 Μητροκωμιά

561 2531 694 2569 vicum
707 2560 716 2577 ‚
759 2532 873 2570 cuius
904 2532 1053 2572 mentio
1074 2532 1119 2569 fit
1138 2532 1182 2569 in
1202 2531 1361 2570 Notitia
1379 2531 1528 2569 Eccles.
1549 2519 1653 2580 apud
1674 2531 1873 2566 Relandum
1896 2544 1935 2581 p.
1957 2532 2071 2577 217..
2107 2532 2159 2569 ad
2178 2531 2411 2581 Eparchiam

560 2597 808 2648 Palaestinae
836 2599 1290 2650 tertiae‘pertinentem,
1333 2611 1450 2650 posse
1482 2610 1568 2636 cum
1591 2598 1691 2634 Zora
1712 2596 1965 2646 Auranitica,
2007 2603 2145 2651 utpote
2167 2610 2268 2649 quae
2288 2598 2331 2636 in
2351 2598 2411 2637 in·

559 2666 776 2717 scriptione
795 2665 1067 2719 μητρῳιωμιά
1090 2666 1370 2718 Ζοραουηνῶν
1390 2669 1530 2703 vocata
1551 2666 1622 2713 sit,
1651 2667 1879 2715 convenire,
1910 2667 1976 2705 vel
1996 2667 2114 2705 etiam
2134 2662 2306 2717 Ζώορα,
2338 2664 2411 2703 ibi·

561 2734 651 2771 dem
673 2725 1032 2779 commemoratam,
1063 2734 1200 2769 Zoram
1224 2718 1448 2781 significare
1469 2736 1659 2771 autumat.
1718 2734 1807 2772 Non
1836 2735 1942 2772 enim
1970 2734 2163 2783 cogitavit
2182 2733 2246 2770 vir
2265 2733 2411 2770 incom-

562 2796 769 2850 parabilis,
800 2801 1081 2839 Auranitidem
1101 2800 1213 2838 nullo
1236 2804 1414 2852 tempore
1435 2805 1587 2851 partem
1606 2795 1856 2840 Palaestinae
1877 2802 2040 2850 tertiae,
2072 2813 2189 2852 quam
2209 2806 2409 2847 vocarunt,

560 2868 699 2914 fuisse,
723 2869 794 2907 sed
815 2870 865 2908 ad
884 2869 1118 2920 Eparchiam
1134 2869 1305 2907 Arabiae
1325 2863 1578 2919 pertinuisse.
1606 2867 1774 2908 Deinde
1796 2884 1911 2909 nemo
1933 2869 2145 2915 dubitabit,
2169 2869 2266 2919 quin
2286 2869 2411 2906 altero

561 2938 647 2975 loco
669 2950 823 2975 mecum
843 2934 1000 2986 Ζιιῖαρα
1021 2951 1091 2987 pro
1114 2933 1266 2989 Ζώορα
1295 2938 1421 2987 legat,
1465 2950 1582 2987 quam
1609 2937 1753 2976 scimus
1781 2938 2028 2977 Palaestinae
2055 2937 2197 2976 tertiae
2226 2949 2412 2975 annume-

562 3008 689 3044 ratam
711 3016 810 3051 esse,
832 3005 917 3042 vid.
938 3006 1092 3042 Reland.
1112 3018 1149 3056 p.
1173 3007 1266 3044 215.
1288 3006 1358 3044 lin
1386 3007 1449 3043 14.

681 3072 697 3096 ¹
712 3070 749 3121 ³)
779 3073 841 3110 De
862 3067 1002 3110 αὐλών
1024 3068 1208 3111 vocabuli
1227 3077 1422 3124 potestate
1443 3072 1703 3123 geographica
1722 3073 1815 3110 vide
1834 3072 2000 3111 Eusebii
2021 3073 2107 3111 On<
2096 3085 2160 3108 ιιι.
2182 3085 2218 3122 p.
2241 3072 2306 3108 29.
