2921 3716
1294 371 1427 420 Ἰ19

475 502 633 557 sephus
647 502 774 545 etiam
783 503 889 554 loco,
911 503 964 547 de
984 517 1068 558 quo
1089 499 1315 559 loquimur,
1328 503 1499 567 'Pellam
1511 503 1555 545 in
1564 503 1729 546 Peraea
1749 503 1876 546 sitam
1887 503 1931 545 in
1947 508 2085 547 mente
2101 503 2322 553 habuerit,

474 580 586 624 redit
593 582 799 636 quaestiO,
808 582 1061 638 quibusnam
1070 581 1308 627 rationibus
1315 585 1454 625 motus
1463 596 1558 625 eam
1568 596 1654 625 una
1669 596 1765 624 cum
1774 582 1950 625 urbibus
1959 583 2201 626 Moabiticis
2217 597 2316 626 enu-

475 663 685 704 meratam
711 661 755 704 in
784 661 867 705 fine
900 663 1083 711 omnium
1109 663 1335 719 posuerit?
1366 662 1504 714 Quid?
1545 662 1654 706 Num
1669 663 1780 714 forte
1801 668 1920 713 sunt,
1950 664 2022 718 qui
2041 664 2320 718 transpositis

474 734 615 783 verbis
645 736 827 786 Πέλλαν
856 746 953 797 post
982 737 1167 799 Γάδαρα
1195 743 1384 786 inserere
1403 741 1560 785 velint?
1581 741 1789 796 Equidem
1809 747 1926 783 certe
1947 756 2031 787 eos,
2053 744 2089 785 si
2110 744 2182 796 qui
2202 747 2320 791 sunt,

474 834 559 863 non
580 833 744 874 sequar.
803 820 911 864 Nam
931 836 1019 873 res,
1042 821 1078 863 si
1098 821 1201 876 quid
1219 821 1354 877 video,
1374 813 1437 864 ita
1457 834 1502 880 se
1523 821 1668 864 habet:
1696 816 1913 875 Iosephus,
1935 836 2063 875 quum
2084 823 2127 864 in
2147 837 2314 864 enume-

476 898 621 942 randis
642 899 807 955 oppidis
831 902 971 944 Pellae
991 915 1143 943 nomen
1164 915 1215 943 eo
1235 909 1422 954 poneret,
1443 900 1515 943 ubi
1535 890 1666 943 etiam
1686 915 1797 942 nunc
1813 904 1890 950 est,
1912 901 2081 942 minime
2097 902 2183 943 situ
2202 902 2320 943 urbis

474 982 717 1033 permotus.
759 977 833 1020 sed
861 993 957 1022 eam
988 979 1041 1022 ob
1069 992 1266 1022 caussam
1295 977 1487 1020 ultimum
1514 977 1642 1033 elegit
1668 978 1823 1029 locum,
1854 978 1964 1033 quod
1994 979 2138 1022 Pellae
2167 980 2314 1022 verba:

475 1051 637 1112 ταύτην
658 1055 707 1097 δὲ
728 1051 1014 1113 ἑτατέσκαψαν
1032 1052 1111 1109 οὐχ
1131 1052 1448 1109 ὑποσχομένων
1467 1057 1554 1097 τῶν
1573 1054 1862 1099 ἐνοικούντων
1882 1060 1943 1106 εἷς
1963 1055 2017 1097 τὰ
2042 1040 2208 1114 πάτρια
2233 1059 2319 1099 τῶν

472 1128 698 1176 Ἰουδαίων
717 1129 803 1190 ἔθη
825 1135 1172 1188 μεταβαλέσθαι,
1204 1134 1260 1176 ad
1282 1134 1418 1176 solam
1439 1134 1621 1184 Pellam,
1654 1150 1734 1177 non
1756 1135 1811 1177 ad
1832 1135 2033 1177 relicuas.
2077 1137 2319 1190 spectantia

475 1211 646 1263 addere,
667 1200 751 1255 non
771 1227 871 1255 vero
891 1213 943 1254 iis
966 1207 1311 1256 enumeratarum
1332 1213 1494 1255 urbium
1514 1214 1667 1255 seriem
1687 1213 1997 1269 interrumpere
2021 1214 2165 1256 voluit.
2206 1214 2316 1257 Hinc

424 1298 429 1301 “
475 1291 607 1345 igitur
625 1291 730 1332 nihil
751 1292 871 1344 sequi
890 1292 945 1333 ad
965 1291 1243 1346 infringenda,
1269 1292 1421 1345 quibus
1453 1305 1581 1346 supra
1601 1293 1667 1333 usi
1689 1305 1851 1343 sumus,
1875 1296 2139 1346 argumenta.
2160 1306 2237 1347 per
2270 1306 2315 1335 se

469 1354 671 1423 ⁴apertum
692 1355 768 1411 est.
824 1365 1026 1418 Ceterum
1046 1383 1129 1412 non
1151 1369 1284 1412 debeo
1305 1363 1473 1412 silentio
1500 1370 1747 1425 praeterire,
1770 1369 1965 1412 Codicem
1986 1370 2317 1426 Lugdunensem

474 1449 519 1489 in
569 1449 708 1490 verbis
760 1450 814 1491 ab
860 1450 1037 1504 Iosepho
1078 1449 1219 1490 Pella-e
1258 1449 1433 1490 adiectis
1483 1463 1565 1490 non
1617 1447 1904 1504 κατέσκαψαν
1943 1450 2180 1492 continere.
2242 1449 2317 1492 sed

475 1527 772 1585 κατέσκαψεν.
794 1541 851 1568 sc.
876 1527 1115 1568 Alexander
1134 1527 1355 1568 Iannaeus.
1376 1527 1536 1569 Pellam
1557 1535 1699 1568 autem
1719 1539 1869 1568 revera
1890 1526 1944 1567 ab
1965 1526 2208 1570 Alexandro
2223 1526 2314 1570 Ian-

473 1618 580 1646 naeo
610 1609 898 1660 expugnatam
920 1609 964 1647 et
982 1604 1016 1648 a'
1030 1595 1231 1660 Pompeio
1251 1605 1418 1647 demum
1437 1603 1660 1647 liberatam
1682 1602 1926 1658 civibusque
1947 1603 2156 1659 indigenis
2177 1605 2315 1648 reddi·

472 1686 562 1724 tam
584 1697 696 1733 esse,
719 1682 974 1726 testificatur
994 1683 1198 1740 Iosephus
1218 1683 1264 1725 B.
1285 1683 1323 1725 J.
1344 1682 1376 1735 I,
1399 1688 1436 1733 4,
1459 1686 1495 1725 8.
1518 1687 1555 1733 7,
1580 1687 1615 1724 7.

1202 1902 1443 1962 Quaestio
1483 1900 1591 1950 111,

1137 2028 1238 2067 Ios.
1272 1998 1509 2083 Ana-xx,
1542 1998 1641 2071 1,'1.

587 2151 766 2205 Cuspius
788 2151 943 2201 Fadus,
962 2152 1036 2193 ubi
1060 2151 1226 2193 Claudii
1245 2152 1440 2193 Caesaris
1459 2156 1649 2205 tempore
1671 2154 1924 2204 procurator
1955 2149 2149 2191 veniebat
2176 2151 2218 2191 in
2246 2151 2311 2193 Iu-

475 2230 645 2278 daeam,
667 2230 843 2271 offendit
862 2230 1044 2272 Iudaeos
1066 2230 1272 2272 Peraeam
1291 2229 1578 2271 inhabitantes
1606 2228 1854 2270 seditionem
1874 2228 2053 2270 movisse
2083 2227 2199 2286 πρὸς
2233 2232 2310 2271 (Da-

475 2307 779 2366 λαδελφηνοὺς
800 2308 904 2367 περὶ
923 2306 1040 2366 ὅρων
1059 2306 1210 2366 κώμης
1227 2309 1358 2358 Μιᾶς
1378 2305 1623 2365 λεγομένης,
1643 2307 1687 2347 in
1708 2319 1792 2361 qua
1809 2305 1930 2348 multi
1949 2310 2073 2348 erant
2093 2308 2169 2349 viri
2197 2307 2310 2350 belli-

481 2386 580 2428 cosi.
639 2386 772 2429 Immo
793 2387 983 2430 Peraeae
1003 2387 1178 2438 incolae,
1198 2387 1342 2429 insciis
1362 2386 1616 2443 primoribus
1645 2398 1808 2436 eorum,
1838 2398 1957 2428 arma
1987 2389 2189 2440 ceperant
2209 2386 2310 2430 mul-

479 2469 632 2520 tosque
653 2451 1070 2521 Philadelphensium
1090 2465 1345 2508 occiderant.
1404 2465 1523 2507 Haec
1543 2464 1745 2519 Iosephus
1766 2464 1790 2506 l.
1812 2477 1845 2506 c.

590 2544 886 2599 Explicandae
910 2546 1225 2600 Philadelpkiae
1246 2543 1370 2599 (Ptol.
1391 2544 1439 2592 V,
1464 2547 1526 2592 15,
1548 2543 1644 2596 23),
1663 2529 1774 2597 'quae
1796 2542 1912 2585 olim.
1942 2546 1988 2582 ut
2007 2542 2051 2582 in
2071 2542 2218 2597 vulgus
2239 2556 2309 2585 no-

474 2627 566 2665 tum
587 2626 673 2674 est,
706 2631 789 2675 15⁷³?
822 2637 884 2677 ηε.
917 2636 999 2676 πῃ
1028 2623 1197 2665 nomine
1217 2622 1552 2664 Ammonitarum
1572 2625 1698 2676 caput
1718 2625 1812 2663 erat
1834 2624 1857 2662 2
1881 2620 1988 2662 Sam.
2014 2624 2077 2671 11,
2097 2624 2130 2662 1.
2164 2625 2225 2663 12.
2243 2624 2309 2663 27.

474 2701 619 2756 Polyb.
653 2702 712 2751 V,
742 2706 813 2751 71,
855 2680 891 2742 4⁴.
924 2706 998 2751 11.,
1028 2701 1397 2754 describendisque
1417 2701 1550 2742 ruinis
1570 2699 1797 2752 splendidis
1817 2713 1900 2740 non
1921 2698 2133 2739 immoror.
2202 2698 2308 2740 Vide

475 2780 689 2823 Ritt'erwm
719 2780 815 2830 XV,
839 2784 875 2822 2‘.
896 2795 934 2834 p.
961 2783 1066 2822 1145
1098 2793 1190 2833 sqq.
1248 2777 1572 2832 Philadelphiae
1586 2777 1767 2818 vicinum
1794 2775 1923 2817 fuisse
1945 2778 2034 2818 Μία
2068 2777 2221 2828 vicum,
2257 2791 2308 2819 ex

474 2872 619 2901 rerum
638 2862 911 2901 narratarum
931 2872 1043 2900 nexu
1063 2862 1258 2912 apertum
1278 2862 1354 2908 est,
1376 2862 1420 2898 et
1438 2870 1567 2911 quum
1587 2854 1876 2908 Philadelphia
1907 2855 1999 2908 ipsa
2030 2856 2073 2896 in
2103 2857 2307 2897 extremis

477 2936 667 2993 Peraeae
688 2936 843 2996 finibus
862 2950 1009 2980 versus
1031 2926 1239 2978 orientem
1258 2936 1343 2978 sita
1362 2935 1489 2977 fuerit
1508 2935 1586 2976 Ios.
1615 2933 1661 2974 B.
1688 2933 1725 2974 J.
1752 2932 1824 2974 ΙΠ.
1856 2935 1892 2981 3,
1924 2936 1972 2981 3.,
2003 2934 2134 2974 ,Iliam
2164 2937 2307 2975 autem

475 3015 623 3057 Iudaei
652 3016 998 3066 inhabitaverint,
1034 3015 1159 3057 facile
1186 3014 1472 3069 intelligimus,
1503 3013 1659 3062 vicum,
1680 3012 1732 3053 de
1753 3025 1835 3066 quo
1857 3016 1921 3052 est
1941 3012 2148 3065 quaestio,
2169 3012 2308 3056 Phila-

478 3094 670 3150 delphiae
690 3095 733 3137 in
753 3110 953 3138 occasum
973 3107 1122 3137 versus
1141 3096 1325 3150 positum
1346 3094 1442 3136 olim
1467 3093 1608 3138 fuisse.

1974 3161 1992 3190 3
2008 3159 2026 3176 2
