2921 3716
1059 376 1254 382 .„.—.
1328 351 1393 402 13
1467 376 1660 382 ——-.-.

440 490 546 529 riam
561 487 628 542 ⁸),
669 485 738 528 cui
776 485 1006 529 camelum
1030 491 1088 528 ‘et
1122 488 1355 543 Itahyrium
1385 486 1442 542 (11.
1471 495 1648 544 egwina,
1698 488 1836 530 Winer
1860 487 1992 530 RWb.
2019 488 2077 540 11,
2106 503 2146 544 p.
2167 490 2280 544 595.)

439 569 604 608 montes
624 569 668 608 et
690 565 956 621 qutlzopolin
976 565 1019 621 (i.
1039 579 1080 620 q.
1100 564 1279 621 Βεῐεᾶη)
1299 564 1450 609 urbem
1467 565 1512 608 in
1533 564 1724 609 Iordanis
1745 565 1854 610 valle
1875 567 2021 618 sitam,
2056 567 2209 622 quibus
2228 565 2280 609 τὸ

436 643 552 701 μέγα
567 627 726 688 πεδῖον
735 642 957 687 Esdrelom
970 643 1290 696 terminabatur,
1310 642 1431 687 addit
1442 642 1776 700 transmissoque
1792 644 1965 689 flumine
1981 645 2163 690 Gadarr'e
2172 645 2230 702 (h.
2244 659 2279 689 e.

445 723 524 766 Um
543 723 662 777 Keis)
691 722 884 766 ascendit
908 722 964 765 ad
992 722 1168 775 altiora,
1203 735 1314 778 quae
1340 722 1546 766 orientem
1572 736 1718 767 versus
1745 724 1945 768 adiacent
1972 723 2202 768 Iordanem
2235 724 2280 767 111

437 801 717 846 Hieremiacis
730 803 935 857 (Iermuk)
952 801 1156 845 torrentis
1175 801 1341 845 vicinia.
1378 800 1481 846 Inde
1500 801 1544 845 in
1565 803 1898 858 septentrionem
1918 806 2120 860 spectans
2139 817 2281 847 nume·

394 868 398 872 ’
437 885 507 925 rat
532 882 829 926 Gaulanitidae
847 880 988 931 urbes,
1009 880 1162 935 quibus
1182 880 1401 924 meridiem
1420 895 1566 924 versus
1586 877 1692 925 sitas
1713 884 1964 926 Μοαόἰιίοαε
1983 883 2170 938 opponit.

519 972 522 975 ·
551 960 669 1012 Quae
689 959 727 1001 si
744 963 909 1001 attento
930 959 1249 1002 consideramus
1267 960 1428 1017 animo,
1456 961 1617 1019 omnia,
1646 975 1755 1016 quae
1782 961 2091 1007 dubitationem
2111 974 2280 1003 movere

435 1052 562 1095 posse
592 1038 836 1090 videantur,
873 1041 966 1082 tum
997 1038 1110 1082 ultro
1141 1038 1474 1093 perspiciuntur,
1513 1042 1601 1082 tum
1633 1040 1887 1099 arctioribus
1917 1039 2073 1083 finibus
2103 1040 2280 1083 circum-

435 1117 596 1172 scripta
616 1110 875 1171 comparent.
932 1116 1042 1160 Nam
1882 1120 1884 1122 '

555 1197 595 1251 1)
624 1195 697 1237 ubi
727 1192 1027 1241 Γαυλανίτιδα
1053 1199 1176 1253 vocat
1193 1194 1416 1250 Iosephus,
1451 1195 1510 1237 ibi
1533 1197 1702 1239 minime
1722 1195 1930 1252 singulam
1949 1197 2117 1249 urbem,
2149 1211 2279 1253 quam

437 1278 477 1317 Γ
475 1256 645 1318 αίλανα
665 1270 879 1328 nuncupat
897 1274 993 1319 Ant.
1013 1274 1126 1325 XIII,
1150 1278 1213 1325 15,
1236 1278 1272 1317 3.
1285 1308 1295 1326 ,
1326 1276 1370 1317 111
1389 1278 1527 1317 11101110
1548 1274 1698 1325 habet,
1734 1275 1811 1318 sed
1831 1276 2110 1330 provinciam,
2150 1291 2279 1331 quam

435 1353 591 1395 scimus
610 1352 708 1395 olim
729 1354 774 1394 in
794 1343 1055 1408 superiorem
1075 1357 1118 1394 et
1135 1352 1377 1399 inferiorem
1397 1352 1577 1394 divisam
1595 1352 1737 1404 fuisse,
1757 1353 1804 1395 B.
1818 1353 1856 1395 J.
1871 1354 1940 1406 IV,
1965 1359 2000 1406 1,
2025 1359 2060 1396 1.
2103 1356 2160 1396 At
2179 1368 2279 1397 vero

434 1432 491 1474 ad
511 1431 825 1474 Gaulanitidem
843 1431 980 1485 ipsam
998 1432 1212 1485 pertinent
1231 1431 1387 1485 oppida
1407 1431 1599 1473 Seleucia
1618 1435 1663 1472 et
1683 1431 1866 1483 Gabala,
1896 1446 2077 1486 quorum
2096 1433 2280 1487 scriptor

433 1511 601 1554 subiicit
626 1510 875 1553 memoriam
902 1509 977 1552 1111.
1036 1509 1151 1565 Ergo
1176 1512 1218 1553 Γ
1216 1506 1475 1553 αυλανίτιδα
1513 1509 1558 1552 111
1595 1509 1677 1553 hac
1715 1511 1940 1553 verborum
1978 1513 2281 1566 consequentia

432 1589 537 1633 ferri
566 1590 733 1645 nequit,
767 1604 845 1633 nec
873 1589 1039 1640 dubito,
1074 1590 1175 1645 quin
1201 1587 1399 1632 restituta
1425 1592 1466 1631 Σ
1486 1588 1630 1638 littera
1658 1595 1759 1633 ante
1781 1594 1822 1633 Σ
1837 1591 2024 1634 litteram
2044 1606 2071 1634 a
2090 1575 2277 1634 librariis

371 1690 373 1692 ·
434 1671 591 1712 omissa
612 1667 935 1720 Γαυλανίτιδας
952 1668 1237 1718 Σελεύκειαν,.
1261 1667 1449 1722 Γάβαλα
1470 1668 1660 1722 legatur,
1694 1670 1886 1713 similiter
1905 1675 2034 1724 atque
2054 1672 2196 1724 pergit
2215 1672 2278 1713 Io-

434 1748 589 1803 sephus
609 1748 748 1790 verbis
769 1745 1070 1810 Mmafilndag
1087 1743 1305 1801 Ἐσσεβών
1325 1751 1370 1788 01
1390 1761 1501 1801 quae
1522 1752 1768 1802 sequuntur.
2200 1803 2204 1806 ἡ

548 1812 920 1869 Gaulanitidarum
938 1826 1126 1877 urbium,
1166 1840 1346 1880 quarum
1363 1825 1507 1880 plures
1526 1827 1738 1881 pot-uisset
1756 1828 1911 1869 afferre
1923 1861 1932 1878 ,
1972 1828 2078 1869 duas
2109 1833 2273 1870 tantum

432 1907 639 1957 nominat,
679 1918 757 1946 nec
783 1905 863 1946 hoc
893 1905 984 1946 sine
1010 1897 1124 1946 iusta
1143 1917 1308 1946 caussa.
1345 1887 1483 1954 'Quas
1503 1906 1615 1946 enim
1635 1910 1874 1951 enumerat.
1915 1920 1991 1947 eae
2011 1907 2054 1947 111
2075 1907 2274 1947 extremis

434 1983 717 2026 Gaulanitidis
737 1982 891 2024 finibus
911 1982 1312 2036 septentrionalibus
1337 1985 1380 2023 et
1399 1982 1741 2024 meridionalibus
1762 1984 1868 2024 sitae
1889 1988 2023 2024 erant.
2046 2007 2100 2014 -
2121 1984 2164 2038 a)
2185 1987 2276 2026 Σε-

433 2063 458 2103 λ
471 2064 673 2112 εύκεια,
694 2063 748 2103 ab
767 2056 1007 2104 Alexandro
1027 2061 1214 2103 Iannaeo
1236 2066 1481 2117 expugnata
1500 2062 1584 2104 Ios.
1600 2063 1695 2103 Ant.
1711 2062 1825 2114 XIII,
1849 2066 1912 2114 15,
1934 2067 1971 2104 3.
1991 2063 2038 2103 B.
2054 2063 2092 2104 J.
2112 2063 2144 2114 Ι,
2166 2069 2204 2110 4,
2227 2067 2276 2114 8.,

430 2155 517 2183 una
536 2138 835 2196 011111-Σωγάνη
855 2140 992 2180 vicina
1012 2139 1066 2180 ab
1086 2139 1284 2193 Iosepho,
1304 2153 1443 2193 quum
1453 2140 1611 2182 bellum
1631 2154 1727 2182 cum
1745 2141 1948 2182 Romanis
1969 2145 2168 2192 instaret,
2189 2156 2277 2183 mu-

431 2220 522 2261 nita
541 2218 580 2261 d.
602 2218 684 2261 Vit.
705 2218 739 2273 §.
761 2221 825 2276 37.
844 2217 891 2259 B.
910 2217 949 2260 J.
967 2217 1028 2269 H,
1060 2221 1133 2269 20,
1166 2223 1228 2270 6.,
1268 2217 1313 2260 in
1334 2217 1607 2262 Gaulanitide
1628 2220 1845 2275 superiore
1867 2217 1982 2277 πρὸς
2002 2221 2057 2277 τῇ
2077 2224 2276 2274 Σεμεχω-

434 2300 562 2340 νιτῶν
592 2295 741 2355 λίμνῃ,
773 2297 860 2339 sive
885 2304 981 2347 :nm
1008 2309 1054 2347 *23
1082 2297 1162 2340 Ios.
1185 2301 1255 2349 11,
1278 2302 1315 2340 5.
1338 2302 1374 2340 6.
1395 2299 1524 2353 (1111110
1543 2298 1751 2352 Boluziret
1771 2293 1992 2354 al-Ezzlelz)
2012 2299 2153 2352 posita
2172 2303 2276 2350 erat,

432 2376 523 2419 B..J.
534 2377 602 2427 IV,
615 2380 651 2427 1,-
662 2380 696 2418 1.
724 2375 1114 2428 Conterminavero,
1126 2377 1457 2431 septentrionem
1468 2390 1614 2420 versus
1627 2376 1829 2421 adiacens
1839 2382 1981 2420 terrae
1990 2391 2101 2432 pars,
2110 2376 2274 2431 μεταξὺ

432 2457 512 2498 τοῦ
536 2454 768 2514 Τράχῳνος
786 2454 862 2497 καὶ
881 2457 959 2513 τῆς
975 2453 1220 2508 Γαλιλαίας
1237 2456 1333 2507 sita,
1353 2470 1483 2511 quam
1501 2456 1706 2512 Iosephus
1732 2452 1947 2499 Οὐλάθαν
1966 2455 2041 2498 καὶ
2061 2455 2272 2498 Πανιάδα

432 2535 490 2589 (11.
513 2549 548 2576 0.
568 2535 727 2589 ῌιὶιεΙι,
743 2532 785 2587 ⁹)
811 2549 965 2576 nomen
994 2527 1204 2589 hodieque
1232 2536 1455 2585 usitatum,
1496 2533 1540 2576 01
1561 2528 1721 2587 Ραηεάε
1741 2537 1827 2576 sive
1852 2536 2051 2577 Caesarea
2073 2536 2271 2590 Philippi,

432 2627 541 2654 nunc
560 2613 742 2666 Βᾶηἱᾶε)
762 2617 904 2663 vocat,
925 2613 1157 2662 Alexandri
1175 2613 1351 2655 Iannaei
1368 2617 1560 2667 tempore
1576 2595 1755 2655 Iudaeis
1766 2627 1848 2654 non
1867 2614 2023 2667 paruit.
2063 2613 2273 2656 Pertinuit

553 2749 593 2800 ⁸)
614 2752 708 2790 cod.
729 2753 853 2801 Lugd.
875 2752 978 2799 Bat„
1000 2752 1217 2792 lectionum
1242 2753 1416 2792 bonitate
1436 2751 1603 2790 maxime
1624 2751 1937 2796 commendatus,
1957 2752 2140 2801 praebet:
2171 2747 2271 2800 ὅλην

431 2814 667 2868 Ἰδουμαίαν
687 2818 753 2874 κ-αὶ
777 2816 1015 2871 Σαμάρειαν
1032 2850 1040 2866 ,
1076 2822 1184 2871 quod.
1211 2825 1288 2859 tam
1310 2821 1393 2858 loco
1414 2821 1507 2858 Ant.
1527 2819 1652 2865 XIII,
1674 2819 1717 2865 9,
1744 2811 1779 2855 I.
1809 2831 1926 2868 quam
1955 2832 1997 2857 10
2024 2819 2111 2869 ipsa
2138 2814 2270 2865 habet,

435 2899 513 2937 quo
534 2887 577 2924 in
597 2888 772 2924 animum
792 2899 834 2924 se
854 2887 1044 2926 insinuet.
1385 2893 1389 2897 '

551 2953 592 2999 ⁹)
610 2960 612 2962 '
627 2950 832 2992 Οὐλάθαν
847 2985 856 3000 ,
891 2957 1003 2993 euius
1035 2957 1302 3004 integritatem
1322 2958 1493 2992 Mannert
1517 2955 1657 3001 Geogr.
1680 2955 1719 2990 d.
1741 2954 1808 2991 Gr.
1829 2968 1867 2991 u.
1889 2955 1936 2990 R.
1960 2955 2033 3000 VI,
2059 2957 2093 2990 1.
2115 2968 2152 3003 p.
2174 2954 2270 2991 309.

434 3021 581 3071 aliique
611 3022 866 3068 addubitant,
909 3029 988 3061 tam
1018 3024 1099 3061 situ
1128 3016 1245 3073 quam
1264 3023 1422 3061 nomine
1443 3034 1530 3059 cum
1550 2999 1660 3072 fflyg
1681 3021 1913 3067 convenire,
1947 3021 2083 3071 paucis
2104 3020 2271 3070 exposui

433 3087 476 3126 in
497 3088 763 3137 annotatione,
787 3102 901 3140 quam
922 3090 1088 3127 Haenelii
1104 3090 1308 3129 itinerario
1330 3087 1467 3134 adieci,
1491 3087 1681 3126 Zeitsehr.
1703 3089 1740 3126 d.
1761 3088 1809 3126 D.
1831 3088 1883 3126 M.
1908 3089 1952 3125 (i.
1976 3088 2029 3126 II.
2052 3101 2090 3138 p.
2113 3089 2207 3126 428.
