<?xml version="1.0" encoding="UTF-8"?>
<!DOCTYPE html PUBLIC "-//W3C//DTD XHTML 1.0 Transitional//EN"
    "http://www.w3.org/TR/xhtml1/DTD/xhtml1-transitional.dtd">
<html xmlns="http://www.w3.org/1999/xhtml" xml:lang="en" lang="en">
 <head>
  <title>
</title>
<meta http-equiv="Content-Type" content="text/html;charset=utf-8" />
  <meta name='ocr-system' content='tesseract 3.04.00' />
  <meta name='ocr-capabilities' content='ocr_page ocr_carea ocr_par ocr_line ocrx_word'/>
</head>
<body>
  <div class='ocr_page' id='page_1' title='image "4767284_0011.png"; bbox 0 0 2921 3716; ppageno 0'>
   <div class='ocr_carea' id='block_1_1' title="bbox 1331 354 1361 399">
    <p class='ocr_par' dir='ltr' id='par_1_1' title="bbox 1331 354 1361 399">
     <span class='ocr_line' id='line_1_1' title="bbox 1331 354 1361 399; baseline 0 0"><span class='ocrx_word' id='word_1_1' title='bbox 1331 354 1361 399; x_wconf 90' lang='lat'><strong>5</strong></span> 
     </span>
    </p>
   </div>
   <div class='ocr_carea' id='block_1_2' title="bbox 1436 375 1640 382">
    <p class='ocr_par' dir='ltr' id='par_1_2' title="bbox 1436 375 1640 382">
     <span class='ocr_line' id='line_1_2' title="bbox 1436 375 1640 382; baseline 0 3334"><span class='ocrx_word' id='word_1_2' title='bbox 1436 375 1640 382; x_wconf 95' lang='lat' dir='ltr'> </span> 
     </span>
    </p>
   </div>
   <div class='ocr_carea' id='block_1_3' title="bbox 1056 374 1253 382">
    <p class='ocr_par' dir='ltr' id='par_1_3' title="bbox 1056 374 1253 382">
     <span class='ocr_line' id='line_1_3' title="bbox 1056 374 1253 382; baseline 0 0"><span class='ocrx_word' id='word_1_3' title='bbox 1056 374 1253 382; x_wconf 95' lang='lat' dir='ltr'> </span> 
     </span>
    </p>
   </div>
   <div class='ocr_carea' id='block_1_4' title="bbox 378 484 2273 2919">
    <p class='ocr_par' dir='ltr' id='par_1_4' title="bbox 378 484 2273 2919">
     <span class='ocr_line' id='line_1_4' title="bbox 548 484 2273 542; baseline 0 -12"><span class='ocrx_word' id='word_1_4' title='bbox 548 485 666 530; x_wconf 88' lang='lat' dir='ltr'>Haec</span> <span class='ocrx_word' id='word_1_5' title='bbox 685 485 786 529; x_wconf 90' lang='lat' dir='ltr'>dum</span> <span class='ocrx_word' id='word_1_6' title='bbox 805 484 968 537; x_wconf 81' lang='lat' dir='ltr'><strong>scribe,</strong></span> <span class='ocrx_word' id='word_1_7' title='bbox 1007 485 1236 542; x_wconf 91' lang='lat' dir='ltr'>plurimum</span> <span class='ocrx_word' id='word_1_8' title='bbox 1256 485 1311 530; x_wconf 86' lang='lat' dir='ltr'>ab</span> <span class='ocrx_word' id='word_1_9' title='bbox 1331 499 1382 530; x_wconf 93' lang='lat' dir='ltr'>eo</span> <span class='ocrx_word' id='word_1_10' title='bbox 1402 484 1569 539; x_wconf 89' lang='lat' dir='ltr'>absum,</span> <span class='ocrx_word' id='word_1_11' title='bbox 1608 488 1658 529; x_wconf 93' lang='lat' dir='ltr'>ut</span> <span class='ocrx_word' id='word_1_12' title='bbox 1688 485 1742 529; x_wconf 89' lang='lat' dir='ltr'>de</span> <span class='ocrx_word' id='word_1_13' title='bbox 1766 499 1833 538; x_wconf 91' lang='lat' dir='ltr'>re,</span> <span class='ocrx_word' id='word_1_14' title='bbox 1872 499 1998 542; x_wconf 86' lang='lat' dir='ltr'>quam</span> <span class='ocrx_word' id='word_1_15' title='bbox 2020 486 2064 530; x_wconf 91' lang='lat' dir='ltr'>in</span> <span class='ocrx_word' id='word_1_16' title='bbox 2089 486 2273 530; x_wconf 89' lang='lat' dir='ltr'>medium</span> 
     </span>
     <span class='ocr_line' id='line_1_5' title="bbox 433 564 2273 623; baseline 0.001 -14"><span class='ocrx_word' id='word_1_17' title='bbox 433 566 645 623; x_wconf 81' lang='lat' dir='ltr'>protraxi,</span> <span class='ocrx_word' id='word_1_18' title='bbox 685 579 781 608; x_wconf 93' lang='lat' dir='ltr'>cum</span> <span class='ocrx_word' id='word_1_19' title='bbox 801 565 1033 609; x_wconf 78' lang='lat' dir='ltr'>editoribus</span> <span class='ocrx_word' id='word_1_20' title='bbox 1054 564 1328 622; x_wconf 77' lang='lat' dir='ltr'>expostulem.</span> <span class='ocrx_word' id='word_1_21' title='bbox 1387 564 1482 609; x_wconf 88' lang='lat' dir='ltr'>Scio</span> <span class='ocrx_word' id='word_1_22' title='bbox 1502 565 1614 609; x_wconf 86' lang='lat' dir='ltr'>enim</span> <span class='ocrx_word' id='word_1_23' title='bbox 1627 599 1637 618; x_wconf 94' lang='lat'>,</span> <span class='ocrx_word' id='word_1_24' title='bbox 1676 578 1806 622; x_wconf 77' lang='lat' dir='ltr'>quam</span> <span class='ocrx_word' id='word_1_25' title='bbox 1832 565 1968 609; x_wconf 86' lang='lat' dir='ltr'>ardua</span> <span class='ocrx_word' id='word_1_26' title='bbox 1993 578 2047 610; x_wconf 88' lang='lat' dir='ltr'>ea</span> <span class='ocrx_word' id='word_1_27' title='bbox 2073 566 2131 609; x_wconf 86' lang='lat' dir='ltr'>sit</span> <span class='ocrx_word' id='word_1_28' title='bbox 2153 570 2198 610; x_wconf 90' lang='lat' dir='ltr'>et</span> <span class='ocrx_word' id='word_1_29' title='bbox 2216 565 2273 610; x_wconf 88' lang='lat' dir='ltr'>ad</span> 
     </span>
     <span class='ocr_line' id='line_1_6' title="bbox 433 643 2272 702; baseline 0.001 -13"><span class='ocrx_word' id='word_1_30' title='bbox 433 644 750 689; x_wconf 90' lang='lat' dir='ltr'>diiudicandum</span> <span class='ocrx_word' id='word_1_31' title='bbox 769 643 972 697; x_wconf 89' lang='lat' dir='ltr'>difficilis,</span> <span class='ocrx_word' id='word_1_32' title='bbox 1011 644 1267 701; x_wconf 84' lang='lat' dir='ltr'>praesertim</span> <span class='ocrx_word' id='word_1_33' title='bbox 1286 659 1417 700; x_wconf 92' lang='lat' dir='ltr'>quum</span> <span class='ocrx_word' id='word_1_34' title='bbox 1435 643 1604 689; x_wconf 90' lang='lat' dir='ltr'>codices</span> <span class='ocrx_word' id='word_1_35' title='bbox 1622 643 1791 702; x_wconf 88' lang='lat' dir='ltr'>Iosephi</span> <span class='ocrx_word' id='word_1_36' title='bbox 1808 644 2087 701; x_wconf 84' lang='lat' dir='ltr'>manuscripti</span> <span class='ocrx_word' id='word_1_37' title='bbox 2105 645 2272 690; x_wconf 89' lang='lat' dir='ltr'>nonnisi</span> 
     </span>
     <span class='ocr_line' id='line_1_7' title="bbox 433 723 2270 781; baseline 0.001 -13"><span class='ocrx_word' id='word_1_38' title='bbox 433 724 691 768; x_wconf 88' lang='lat' dir='ltr'>imbecillum</span> <span class='ocrx_word' id='word_1_39' title='bbox 729 723 912 767; x_wconf 89' lang='lat' dir='ltr'>afferant</span> <span class='ocrx_word' id='word_1_40' title='bbox 944 724 1263 767; x_wconf 63' lang='lat' dir='ltr'>adiumentum.&gt;</span> <span class='ocrx_word' id='word_1_41' title='bbox 1300 723 1413 767; x_wconf 84' lang='lat' dir='ltr'>Nam</span> <span class='ocrx_word' id='word_1_42' title='bbox 1449 738 1535 767; x_wconf 91' lang='lat' dir='ltr'>non</span> <span class='ocrx_word' id='word_1_43' title='bbox 1572 724 1741 780; x_wconf 89' lang='lat' dir='ltr'>ignoro,</span> <span class='ocrx_word' id='word_1_44' title='bbox 1779 723 1912 767; x_wconf 89' lang='lat' dir='ltr'>libros</span> <span class='ocrx_word' id='word_1_45' title='bbox 1950 726 2270 781; x_wconf 88' lang='lat' dir='ltr'>manuscriptos,</span> 
     </span>
     <span class='ocr_line' id='line_1_8' title="bbox 430 803 2269 860; baseline 0.001 -13"><span class='ocrx_word' id='word_1_46' title='bbox 430 818 610 860; x_wconf 91' lang='lat' dir='ltr'>quorum</span> <span class='ocrx_word' id='word_1_47' title='bbox 630 803 871 860; x_wconf 83' lang='lat' dir='ltr'><strong>complures</strong></span> <span class='ocrx_word' id='word_1_48' title='bbox 888 804 1063 859; x_wconf 90' lang='lat' dir='ltr'>insuper</span> <span class='ocrx_word' id='word_1_49' title='bbox 1082 803 1150 847; x_wconf 85' lang='lat' dir='ltr'>vel</span> <span class='ocrx_word' id='word_1_50' title='bbox 1168 803 1355 849; x_wconf 86' lang='lat' dir='ltr'>melioris</span> <span class='ocrx_word' id='word_1_51' title='bbox 1374 806 1501 848; x_wconf 90' lang='lat' dir='ltr'>notae</span> <span class='ocrx_word' id='word_1_52' title='bbox 1527 803 1612 847; x_wconf 90' lang='lat' dir='ltr'>huc</span> <span class='ocrx_word' id='word_1_53' title='bbox 1638 816 1774 859; x_wconf 90' lang='lat' dir='ltr'>usque</span> <span class='ocrx_word' id='word_1_54' title='bbox 1802 803 1873 847; x_wconf 84' lang='lat' dir='ltr'>vix</span> <span class='ocrx_word' id='word_1_55' title='bbox 1900 804 2131 849; x_wconf 85' lang='lat' dir='ltr'>examinati</span> <span class='ocrx_word' id='word_1_56' title='bbox 2159 808 2269 857; x_wconf 88' lang='lat' dir='ltr'>sunt,</span> 
     </span>
     <span class='ocr_line' id='line_1_9' title="bbox 430 875 2268 940; baseline 0.001 -13"><span class='ocrx_word' id='word_1_57' title='bbox 430 883 485 927; x_wconf 91' lang='lat' dir='ltr'>ab</span> <span class='ocrx_word' id='word_1_58' title='bbox 510 883 761 927; x_wconf 87' lang='lat' dir='ltr'>hominibus</span> <span class='ocrx_word' id='word_1_59' title='bbox 797 882 1046 938; x_wconf 90' lang='lat' dir='ltr'>plerumque</span> <span class='ocrx_word' id='word_1_60' title='bbox 1085 882 1359 927; x_wconf 78' lang='lat' dir='ltr'>mediocriter</span> <span class='ocrx_word' id='word_1_61' title='bbox 1395 875 1531 927; x_wconf 88' lang='lat' dir='ltr'>doctis</span> <span class='ocrx_word' id='word_1_62' title='bbox 1564 883 1818 940; x_wconf 78' lang='lat' dir='ltr'>linguaeque</span> <span class='ocrx_word' id='word_1_63' title='bbox 1857 883 2067 928; x_wconf 80' lang='lat' dir='ltr'>hebraeae</span> <span class='ocrx_word' id='word_1_64' title='bbox 2094 882 2268 940; x_wconf 79' lang='lat' dir='ltr'>prersus</span> 
     </span>
     <span class='ocr_line' id='line_1_10' title="bbox 428 961 2268 1019; baseline 0.001 -14"><span class='ocrx_word' id='word_1_65' title='bbox 428 963 589 1019; x_wconf 89' lang='lat' dir='ltr'>ignaris</span> <span class='ocrx_word' id='word_1_66' title='bbox 619 966 842 1014; x_wconf 77' lang='lat' dir='ltr'>exaratOS,</span> <span class='ocrx_word' id='word_1_67' title='bbox 881 962 927 1004; x_wconf 91' lang='lat' dir='ltr'>in</span> <span class='ocrx_word' id='word_1_68' title='bbox 951 962 1171 1005; x_wconf 83' lang='lat' dir='ltr'>tradendis</span> <span class='ocrx_word' id='word_1_69' title='bbox 1199 962 1437 1007; x_wconf 81' lang='lat' dir='ltr'>nominibus</span> <span class='ocrx_word' id='word_1_70' title='bbox 1456 962 1695 1006; x_wconf 84' lang='lat' dir='ltr'>incredibili</span> <span class='ocrx_word' id='word_1_71' title='bbox 1713 961 1803 1006; x_wconf 82' lang='lat' dir='ltr'>fere</span> <span class='ocrx_word' id='word_1_72' title='bbox 1822 962 2112 1018; x_wconf 84' lang='lat' dir='ltr'>discrepantia</span> <span class='ocrx_word' id='word_1_73' title='bbox 2135 963 2179 1006; x_wconf 87' lang='lat' dir='ltr'>in</span> <span class='ocrx_word' id='word_1_74' title='bbox 2208 964 2268 1007; x_wconf 91' lang='lat' dir='ltr'>di·</span> 
     </span>
     <span class='ocr_line' id='line_1_11' title="bbox 430 1040 2267 1097; baseline 0.001 -13"><span class='ocrx_word' id='word_1_75' title='bbox 430 1054 554 1084; x_wconf 87' lang='lat' dir='ltr'>versa</span> <span class='ocrx_word' id='word_1_76' title='bbox 574 1044 617 1083; x_wconf 91' lang='lat' dir='ltr'>et</span> <span class='ocrx_word' id='word_1_77' title='bbox 635 1041 852 1084; x_wconf 89' lang='lat' dir='ltr'>contraria</span> <span class='ocrx_word' id='word_1_78' title='bbox 870 1040 1056 1096; x_wconf 85' lang='lat' dir='ltr'>digredi,</span> <span class='ocrx_word' id='word_1_79' title='bbox 1095 1054 1174 1084; x_wconf 90' lang='lat' dir='ltr'>nec</span> <span class='ocrx_word' id='word_1_80' title='bbox 1205 1040 1341 1086; x_wconf 88' lang='lat' dir='ltr'>solum</span> <span class='ocrx_word' id='word_1_81' title='bbox 1367 1041 1521 1084; x_wconf 87' lang='lat' dir='ltr'>litteris</span> <span class='ocrx_word' id='word_1_82' title='bbox 1548 1040 1772 1085; x_wconf 82' lang='lat' dir='ltr'>verborum</span> <span class='ocrx_word' id='word_1_83' title='bbox 1791 1040 1970 1097; x_wconf 87' lang='lat' dir='ltr'>singulis</span> <span class='ocrx_word' id='word_1_84' title='bbox 1989 1043 2267 1094; x_wconf 87' lang='lat' dir='ltr'>commutatis,</span> 
     </span>
     <span class='ocr_line' id='line_1_12' title="bbox 430 1118 2267 1178; baseline 0 -14"><span class='ocrx_word' id='word_1_85' title='bbox 430 1119 723 1177; x_wconf 84' lang='lat' dir='ltr'>transpositis,</span> <span class='ocrx_word' id='word_1_86' title='bbox 751 1119 936 1171; x_wconf 80' lang='lat' dir='ltr'>omissiS,</span> <span class='ocrx_word' id='word_1_87' title='bbox 964 1118 1041 1163; x_wconf 88' lang='lat' dir='ltr'>sed</span> <span class='ocrx_word' id='word_1_88' title='bbox 1061 1119 1188 1164; x_wconf 90' lang='lat' dir='ltr'>etiam</span> <span class='ocrx_word' id='word_1_89' title='bbox 1209 1120 1405 1165; x_wconf 88' lang='lat' dir='ltr'>seiunctis</span> <span class='ocrx_word' id='word_1_90' title='bbox 1425 1118 1598 1178; x_wconf 80' lang='lat' dir='ltr'>syllabis</span> <span class='ocrx_word' id='word_1_91' title='bbox 1616 1119 1859 1176; x_wconf 86' lang='lat' dir='ltr'>iungendis,</span> <span class='ocrx_word' id='word_1_92' title='bbox 1878 1120 2116 1177; x_wconf 89' lang='lat' dir='ltr'>iunctisque</span> <span class='ocrx_word' id='word_1_93' title='bbox 2134 1121 2267 1165; x_wconf 90' lang='lat' dir='ltr'>seiun-</span> 
     </span>
     <span class='ocr_line' id='line_1_13' title="bbox 429 1197 2264 1256; baseline 0.001 -14"><span class='ocrx_word' id='word_1_94' title='bbox 429 1199 577 1256; x_wconf 86' lang='lat' dir='ltr'>gendis</span> <span class='ocrx_word' id='word_1_95' title='bbox 597 1198 819 1255; x_wconf 89' lang='lat' dir='ltr'>scriptoris</span> <span class='ocrx_word' id='word_1_96' title='bbox 838 1197 969 1242; x_wconf 84' lang='lat' dir='ltr'>verba</span> <span class='ocrx_word' id='word_1_97' title='bbox 987 1198 1140 1242; x_wconf 92' lang='lat' dir='ltr'>mirum</span> <span class='ocrx_word' id='word_1_98' title='bbox 1158 1200 1203 1243; x_wconf 91' lang='lat' dir='ltr'>in</span> <span class='ocrx_word' id='word_1_99' title='bbox 1220 1199 1391 1245; x_wconf 90' lang='lat' dir='ltr'>modum</span> <span class='ocrx_word' id='word_1_100' title='bbox 1410 1200 1472 1243; x_wconf 90' lang='lat' dir='ltr'>ita</span> <span class='ocrx_word' id='word_1_101' title='bbox 1491 1198 1732 1243; x_wconf 81' lang='lat' dir='ltr'>deformata</span> <span class='ocrx_word' id='word_1_102' title='bbox 1748 1198 1978 1255; x_wconf 89' lang='lat' dir='ltr'>praebere,</span> <span class='ocrx_word' id='word_1_103' title='bbox 2015 1203 2084 1252; x_wconf 89' lang='lat' dir='ltr'>ut,</span> <span class='ocrx_word' id='word_1_104' title='bbox 2123 1201 2264 1256; x_wconf 88' lang='lat' dir='ltr'>qualia</span> 
     </span>
     <span class='ocr_line' id='line_1_14' title="bbox 424 1278 2264 1337; baseline 0 -13"><span class='ocrx_word' id='word_1_105' title='bbox 424 1279 478 1324; x_wconf 90' lang='lat' dir='ltr'>ab</span> <span class='ocrx_word' id='word_1_106' title='bbox 497 1283 670 1323; x_wconf 88' lang='lat' dir='ltr'>auctore</span> <span class='ocrx_word' id='word_1_107' title='bbox 689 1278 883 1334; x_wconf 80' lang='lat' dir='ltr'>profecta</span> <span class='ocrx_word' id='word_1_108' title='bbox 901 1278 1070 1330; x_wconf 86' lang='lat' dir='ltr'>fuerint,</span> <span class='ocrx_word' id='word_1_109' title='bbox 1089 1293 1295 1336; x_wconf 83' lang='lat' dir='ltr'>persaepe</span> <span class='ocrx_word' id='word_1_110' title='bbox 1314 1293 1439 1323; x_wconf 93' lang='lat' dir='ltr'>nemo</span> <span class='ocrx_word' id='word_1_111' title='bbox 1458 1278 1584 1323; x_wconf 87' lang='lat' dir='ltr'>facile</span> <span class='ocrx_word' id='word_1_112' title='bbox 1603 1282 1822 1335; x_wconf 79' lang='lat' dir='ltr'>agnoscat.</span> <span class='ocrx_word' id='word_1_113' title='bbox 1865 1278 2008 1332; x_wconf 80' lang='lat' dir='ltr'>Quid?</span> <span class='ocrx_word' id='word_1_114' title='bbox 2036 1279 2150 1337; x_wconf 89' lang='lat' dir='ltr'>quod</span> <span class='ocrx_word' id='word_1_115' title='bbox 2167 1280 2264 1324; x_wconf 91' lang='lat' dir='ltr'>libri</span> 
     </span>
     <span class='ocr_line' id='line_1_15' title="bbox 426 1358 2264 1416; baseline 0.001 -12"><span class='ocrx_word' id='word_1_116' title='bbox 426 1359 704 1416; x_wconf 88' lang='lat' dir='ltr'>manuscripti</span> <span class='ocrx_word' id='word_1_117' title='bbox 725 1358 789 1402; x_wconf 90' lang='lat' dir='ltr'>vel</span> <span class='ocrx_word' id='word_1_118' title='bbox 808 1358 879 1413; x_wconf 91' lang='lat' dir='ltr'>ibi,</span> <span class='ocrx_word' id='word_1_119' title='bbox 898 1358 970 1402; x_wconf 93' lang='lat' dir='ltr'>ubi</span> <span class='ocrx_word' id='word_1_120' title='bbox 989 1359 1100 1402; x_wconf 90' lang='lat' dir='ltr'>inter</span> <span class='ocrx_word' id='word_1_121' title='bbox 1119 1373 1165 1403; x_wconf 91' lang='lat' dir='ltr'>se</span> <span class='ocrx_word' id='word_1_122' title='bbox 1184 1360 1425 1414; x_wconf 89' lang='lat' dir='ltr'>concinunt,</span> <span class='ocrx_word' id='word_1_123' title='bbox 1443 1358 1560 1404; x_wconf 89' lang='lat' dir='ltr'>haud</span> <span class='ocrx_word' id='word_1_124' title='bbox 1577 1372 1680 1404; x_wconf 89' lang='lat' dir='ltr'>raro</span> <span class='ocrx_word' id='word_1_125' title='bbox 1699 1372 1909 1404; x_wconf 90' lang='lat' dir='ltr'>consensu</span> <span class='ocrx_word' id='word_1_126' title='bbox 1929 1374 2006 1405; x_wconf 90' lang='lat' dir='ltr'>suo</span> <span class='ocrx_word' id='word_1_127' title='bbox 2025 1359 2130 1405; x_wconf 88' lang='lat' dir='ltr'>nibil</span> <span class='ocrx_word' id='word_1_128' title='bbox 2148 1362 2264 1406; x_wconf 89' lang='lat' dir='ltr'>testi-</span> 
     </span>
     <span class='ocr_line' id='line_1_16' title="bbox 425 1439 2264 1495; baseline 0.001 -13"><span class='ocrx_word' id='word_1_129' title='bbox 425 1440 624 1491; x_wconf 87' lang='lat' dir='ltr'>ficentur,</span> <span class='ocrx_word' id='word_1_130' title='bbox 653 1440 734 1482; x_wconf 90' lang='lat' dir='ltr'>nisi</span> <span class='ocrx_word' id='word_1_131' title='bbox 761 1439 1017 1495; x_wconf 86' lang='lat' dir='ltr'>depravatae</span> <span class='ocrx_word' id='word_1_132' title='bbox 1037 1440 1275 1495; x_wconf 85' lang='lat' dir='ltr'>scripturae</span> <span class='ocrx_word' id='word_1_133' title='bbox 1293 1443 1479 1484; x_wconf 88' lang='lat' dir='ltr'>aetatem</span> <span class='ocrx_word' id='word_1_134' title='bbox 1498 1439 1617 1484; x_wconf 90' lang='lat' dir='ltr'>libris</span> <span class='ocrx_word' id='word_1_135' title='bbox 1635 1440 1795 1483; x_wconf 89' lang='lat' dir='ltr'>nostris</span> <span class='ocrx_word' id='word_1_136' title='bbox 1813 1441 2047 1484; x_wconf 76' lang='lat' dir='ltr'>maiorem?</span> <span class='ocrx_word' id='word_1_137' title='bbox 2076 1440 2199 1493; x_wconf 81' lang='lat' dir='ltr'>Quod</span> <span class='ocrx_word' id='word_1_138' title='bbox 2217 1446 2264 1484; x_wconf 94' lang='lat' dir='ltr'>ut</span> 
     </span>
     <span class='ocr_line' id='line_1_17' title="bbox 423 1518 2264 1575; baseline 0.002 -13"><span class='ocrx_word' id='word_1_139' title='bbox 423 1518 615 1575; x_wconf 87' lang='lat' dir='ltr'>exemplo</span> <span class='ocrx_word' id='word_1_140' title='bbox 635 1519 811 1575; x_wconf 88' lang='lat' dir='ltr'>probem</span> <span class='ocrx_word' id='word_1_141' title='bbox 830 1533 1012 1575; x_wconf 87' lang='lat' dir='ltr'>provoco</span> <span class='ocrx_word' id='word_1_142' title='bbox 1032 1518 1089 1563; x_wconf 89' lang='lat' dir='ltr'>ad</span> <span class='ocrx_word' id='word_1_143' title='bbox 1108 1519 1250 1564; x_wconf 90' lang='lat' dir='ltr'>locum</span> <span class='ocrx_word' id='word_1_144' title='bbox 1268 1520 1367 1564; x_wconf 81' lang='lat' dir='ltr'>Ant.</span> <span class='ocrx_word' id='word_1_145' title='bbox 1386 1518 1483 1571; x_wconf 86' lang='lat' dir='ltr'>VII,</span> <span class='ocrx_word' id='word_1_146' title='bbox 1508 1523 1548 1572; x_wconf 90' lang='lat'>1,</span> <span class='ocrx_word' id='word_1_147' title='bbox 1578 1522 1635 1572; x_wconf 89' lang='grc'>3.,</span> <span class='ocrx_word' id='word_1_148' title='bbox 1670 1519 1743 1563; x_wconf 92' lang='lat' dir='ltr'>ubi</span> <span class='ocrx_word' id='word_1_149' title='bbox 1761 1520 1814 1564; x_wconf 89' lang='lat' dir='ltr'>de</span> <span class='ocrx_word' id='word_1_150' title='bbox 1834 1520 2024 1574; x_wconf 91' lang='lat' dir='ltr'>Abnero,</span> <span class='ocrx_word' id='word_1_151' title='bbox 2055 1520 2264 1565; x_wconf 88' lang='lat' dir='ltr'>Isbosethi</span> 
     </span>
     <span class='ocr_line' id='line_1_18' title="bbox 422 1593 2264 1657; baseline 0.002 -17"><span class='ocrx_word' id='word_1_152' title='bbox 422 1599 528 1641; x_wconf 87' lang='lat' dir='ltr'>duce</span> <span class='ocrx_word' id='word_1_153' title='bbox 543 1634 552 1649; x_wconf 92' lang='lat'>,</span> <span class='ocrx_word' id='word_1_154' title='bbox 582 1604 814 1641; x_wconf 82' lang='lat' dir='ltr'>narrantur</span> <span class='ocrx_word' id='word_1_155' title='bbox 832 1599 957 1640; x_wconf 85' lang='lat' dir='ltr'>haec:</span> <span class='ocrx_word' id='word_1_156' title='bbox 987 1595 1218 1652; x_wconf 69' lang='grc' dir='ltr'><strong><em>βασίλειον</em></strong></span> <span class='ocrx_word' id='word_1_157' title='bbox 1245 1593 1285 1642; x_wconf 81' lang='grc' dir='ltr'>δ’</span> <span class='ocrx_word' id='word_1_158' title='bbox 1307 1597 1518 1656; x_wconf 79' lang='grc' dir='ltr'><strong><em>ἐποίησεν</em></strong></span> <span class='ocrx_word' id='word_1_159' title='bbox 1538 1593 1660 1654; x_wconf 67' lang='grc' dir='ltr'>αὐτῷ</span> <span class='ocrx_word' id='word_1_160' title='bbox 1678 1597 1757 1656; x_wconf 78' lang='grc' dir='ltr'>τὴν</span> <span class='ocrx_word' id='word_1_161' title='bbox 1775 1598 1887 1642; x_wconf 77' lang='grc' dir='ltr'><strong><em>κατὰ</em></strong></span> <span class='ocrx_word' id='word_1_162' title='bbox 1905 1599 1988 1652; x_wconf 80' lang='grc' dir='ltr'>μὲν</span> <span class='ocrx_word' id='word_1_163' title='bbox 2005 1598 2085 1657; x_wconf 74' lang='grc' dir='ltr'>τὴν</span> <span class='ocrx_word' id='word_1_164' title='bbox 2102 1598 2264 1654; x_wconf 76' lang='grc' dir='ltr'><strong><em>ἐπιχώ-</em></strong></span> 
     </span>
     <span class='ocr_line' id='line_1_19' title="bbox 424 1673 2261 1736; baseline -0.001 -16"><span class='ocrx_word' id='word_1_165' title='bbox 424 1692 523 1734; x_wconf 80' lang='grc' dir='ltr'><em>ριον</em></span> <span class='ocrx_word' id='word_1_166' title='bbox 541 1676 734 1733; x_wconf 74' lang='grc' dir='ltr'><em>γλῶτταν</em></span> <span class='ocrx_word' id='word_1_167' title='bbox 753 1679 812 1721; x_wconf 86' lang='lat' dir='ltr'><em>M</em></span> <span class='ocrx_word' id='word_1_168' title='bbox 819 1675 848 1720; x_wconf 81' lang='grc' dir='ltr'>οἱ</span> <span class='ocrx_word' id='word_1_169' title='bbox 861 1694 884 1720; x_wconf 79' lang='lat' dir='ltr'><em>v</em></span> <span class='ocrx_word' id='word_1_170' title='bbox 896 1693 925 1719; x_wconf 87' lang='grc' dir='ltr'>α</span> <span class='ocrx_word' id='word_1_171' title='bbox 936 1676 961 1719; x_wconf 80' lang='grc' dir='ltr'><strong><em>λ</em></strong></span> <span class='ocrx_word' id='word_1_172' title='bbox 972 1693 987 1720; x_wconf 92' lang='grc' dir='ltr'>ι</span> <span class='ocrx_word' id='word_1_173' title='bbox 998 1694 1021 1719; x_wconf 78' lang='lat' dir='ltr'><em>v</em></span> <span class='ocrx_word' id='word_1_174' title='bbox 1031 1710 1042 1726; x_wconf 90' lang='lat'>,</span> <span class='ocrx_word' id='word_1_175' title='bbox 1077 1676 1189 1721; x_wconf 78' lang='grc' dir='ltr'><strong><em>κατὰ</em></strong></span> <span class='ocrx_word' id='word_1_176' title='bbox 1219 1676 1269 1720; x_wconf 81' lang='grc' dir='ltr'>δὲ</span> <span class='ocrx_word' id='word_1_177' title='bbox 1288 1675 1367 1734; x_wconf 79' lang='grc' dir='ltr'>τὴν</span> <span class='ocrx_word' id='word_1_178' title='bbox 1383 1673 1602 1734; x_wconf 65' lang='grc' dir='ltr'><em>Ἑλλήνων</em></span> <span class='ocrx_word' id='word_1_179' title='bbox 1621 1693 1696 1720; x_wconf 85' lang='grc' dir='ltr'>πα</span> <span class='ocrx_word' id='word_1_180' title='bbox 1706 1694 1732 1732; x_wconf 78' lang='grc' dir='ltr'><em>ρ</em></span> <span class='ocrx_word' id='word_1_181' title='bbox 1745 1693 1767 1719; x_wconf 86' lang='grc' dir='ltr'><em>ε</em></span> <span class='ocrx_word' id='word_1_182' title='bbox 1775 1694 1806 1732; x_wconf 87' lang='grc' dir='ltr'><strong><em>μ</em></strong></span> <span class='ocrx_word' id='word_1_183' title='bbox 1819 1681 1850 1730; x_wconf 78' lang='grc' dir='ltr'>β</span> <span class='ocrx_word' id='word_1_184' title='bbox 1859 1694 1882 1719; x_wconf 86' lang='grc' dir='ltr'><strong><em>υ</em></strong></span> <span class='ocrx_word' id='word_1_185' title='bbox 1893 1677 1919 1720; x_wconf 80' lang='grc' dir='ltr'><strong><em>λ</em></strong></span> <span class='ocrx_word' id='word_1_186' title='bbox 1930 1677 1959 1720; x_wconf 79' lang='grc' dir='ltr'>ἃ</span> <span class='ocrx_word' id='word_1_187' title='bbox 1971 1693 1995 1729; x_wconf 86' lang='grc' dir='ltr'><strong><em>ς</em></strong></span> <span class='ocrx_word' id='word_1_188' title='bbox 2013 1677 2261 1736; x_wconf 79' lang='grc' dir='ltr'><em>λεγομένην.</em></span> 
     </span>
     <span class='ocr_line' id='line_1_20' title="bbox 422 1754 2259 1809; baseline 0.001 -11"><span class='ocrx_word' id='word_1_189' title='bbox 422 1755 510 1798; x_wconf 90' lang='lat' dir='ltr'>Iam</span> <span class='ocrx_word' id='word_1_190' title='bbox 531 1755 614 1798; x_wconf 90' lang='lat' dir='ltr'>etsi</span> <span class='ocrx_word' id='word_1_191' title='bbox 632 1754 800 1798; x_wconf 89' lang='lat' dir='ltr'>Veteris</span> <span class='ocrx_word' id='word_1_192' title='bbox 821 1755 1082 1798; x_wconf 85' lang='lat' dir='ltr'>Testamenti</span> <span class='ocrx_word' id='word_1_193' title='bbox 1101 1756 1391 1798; x_wconf 89' lang='lat' dir='ltr'>testimonium</span> <span class='ocrx_word' id='word_1_194' title='bbox 1412 1759 1436 1797; x_wconf 86' lang='lat'><strong>2</strong></span> <span class='ocrx_word' id='word_1_195' title='bbox 1459 1756 1571 1798; x_wconf 85' lang='lat' dir='ltr'>Sam.</span> <span class='ocrx_word' id='word_1_196' title='bbox 1593 1759 1631 1807; x_wconf 88' lang='lat'>2,</span> <span class='ocrx_word' id='word_1_197' title='bbox 1653 1759 1689 1798; x_wconf 90' lang='lat'>8.</span> <span class='ocrx_word' id='word_1_198' title='bbox 1715 1770 1800 1799; x_wconf 93' lang='lat' dir='ltr'>non</span> <span class='ocrx_word' id='word_1_199' title='bbox 1819 1756 2092 1809; x_wconf 86' lang='lat' dir='ltr'>haberemus,</span> <span class='ocrx_word' id='word_1_200' title='bbox 2119 1761 2259 1799; x_wconf 90' lang='lat' dir='ltr'>tamen</span> 
     </span>
     <span class='ocr_line' id='line_1_21' title="bbox 420 1831 2259 1890; baseline 0 -13"><span class='ocrx_word' id='word_1_201' title='bbox 420 1849 473 1877; x_wconf 84' lang='lat' dir='ltr'>ex</span> <span class='ocrx_word' id='word_1_202' title='bbox 493 1847 649 1889; x_wconf 86' lang='lat' dir='ltr'>graeca</span> <span class='ocrx_word' id='word_1_203' title='bbox 667 1835 1017 1888; x_wconf 86' lang='lat' dir='ltr'>interpretatione</span> <span class='ocrx_word' id='word_1_204' title='bbox 1037 1831 1325 1890; x_wconf 82' lang='grc' dir='ltr'><strong><em>παρεμβολαί</em></strong></span> <span class='ocrx_word' id='word_1_205' title='bbox 1343 1834 1624 1878; x_wconf 90' lang='lat' dir='ltr'>indubitatum</span> <span class='ocrx_word' id='word_1_206' title='bbox 1645 1839 1777 1886; x_wconf 90' lang='lat' dir='ltr'>esset,</span> <span class='ocrx_word' id='word_1_207' title='bbox 1807 1835 2031 1889; x_wconf 90' lang='lat' dir='ltr'>Iosephum</span> <span class='ocrx_word' id='word_1_208' title='bbox 2058 1836 2110 1878; x_wconf 89' lang='lat' dir='ltr'>de</span> <span class='ocrx_word' id='word_1_209' title='bbox 2130 1836 2259 1879; x_wconf 50' lang='lat' dir='ltr'>notis*</span> 
     </span>
     <span class='ocr_line' id='line_1_22' title="bbox 419 1911 2255 1973; baseline -0.001 -18"><span class='ocrx_word' id='word_1_210' title='bbox 419 1913 526 1955; x_wconf 89' lang='lat' dir='ltr'>sima</span> <span class='ocrx_word' id='word_1_211' title='bbox 545 1912 650 1955; x_wconf 90' lang='lat' dir='ltr'>urbe</span> <span class='ocrx_word' id='word_1_212' title='bbox 671 1925 793 1973; x_wconf 52' lang='grc' dir='ltr'>οτι-[ἕρ</span> <span class='ocrx_word' id='word_1_213' title='bbox 813 1911 948 1967; x_wconf 88' lang='lat' dir='ltr'>loqui,</span> <span class='ocrx_word' id='word_1_214' title='bbox 976 1927 1103 1966; x_wconf 90' lang='lat' dir='ltr'>quam</span> <span class='ocrx_word' id='word_1_215' title='bbox 1124 1912 1414 1970; x_wconf 83' lang='grc' dir='ltr'><em>παρεμβολάς</em></span> <span class='ocrx_word' id='word_1_216' title='bbox 1434 1912 1542 1955; x_wconf 90' lang='lat' dir='ltr'>solet</span> <span class='ocrx_word' id='word_1_217' title='bbox 1560 1926 1802 1968; x_wconf 88' lang='lat' dir='ltr'>nuncupare</span> <span class='ocrx_word' id='word_1_218' title='bbox 1821 1912 1890 1969; x_wconf 85' lang='lat' dir='ltr'>(cf.</span> <span class='ocrx_word' id='word_1_219' title='bbox 1909 1913 2005 1955; x_wconf 87' lang='lat' dir='ltr'>Ant.</span> <span class='ocrx_word' id='word_1_220' title='bbox 2026 1912 2137 1965; x_wconf 85' lang='lat' dir='ltr'>VIII,</span> <span class='ocrx_word' id='word_1_221' title='bbox 2158 1916 2197 1964; x_wconf 89' lang='lat'>9,</span> <span class='ocrx_word' id='word_1_222' title='bbox 2219 1917 2255 1954; x_wconf 90' lang='grc'>8.</span> 
     </span>
     <span class='ocr_line' id='line_1_23' title="bbox 423 1993 2256 2049; baseline 0.001 -14"><span class='ocrx_word' id='word_1_223' title='bbox 423 1997 486 2045; x_wconf 90' lang='grc'>10,</span> <span class='ocrx_word' id='word_1_224' title='bbox 512 1997 546 2035; x_wconf 92' lang='grc'>1.</span> <span class='ocrx_word' id='word_1_225' title='bbox 579 1997 642 2045; x_wconf 86' lang='lat'>11,</span> <span class='ocrx_word' id='word_1_226' title='bbox 664 1998 702 2035; x_wconf 82' lang='lat'>4.</span> <span class='ocrx_word' id='word_1_227' title='bbox 734 1996 798 2045; x_wconf 86' lang='lat'>15,</span> <span class='ocrx_word' id='word_1_228' title='bbox 822 1997 856 2035; x_wconf 93' lang='lat'>1.</span> <span class='ocrx_word' id='word_1_229' title='bbox 889 2007 923 2035; x_wconf 93' lang='lat' dir='ltr'>c.</span> <span class='ocrx_word' id='word_1_230' title='bbox 943 1993 976 2044; x_wconf 92' lang='lat'>1,</span> <span class='ocrx_word' id='word_1_231' title='bbox 997 1997 1065 2045; x_wconf 89' lang='lat'>20,</span> <span class='ocrx_word' id='word_1_232' title='bbox 1089 1993 1162 2048; x_wconf 92' lang='lat'>1,)‚</span> <span class='ocrx_word' id='word_1_233' title='bbox 1203 1996 1246 2035; x_wconf 91' lang='lat' dir='ltr'>et</span> <span class='ocrx_word' id='word_1_234' title='bbox 1265 1993 1360 2048; x_wconf 91' lang='lat' dir='ltr'>quis</span> <span class='ocrx_word' id='word_1_235' title='bbox 1380 1998 1465 2042; x_wconf 86' lang='lat' dir='ltr'>est,</span> <span class='ocrx_word' id='word_1_236' title='bbox 1504 1993 1578 2048; x_wconf 86' lang='lat' dir='ltr'>qui</span> <span class='ocrx_word' id='word_1_237' title='bbox 1594 1994 1752 2048; x_wconf 90' lang='lat' dir='ltr'>imponi</span> <span class='ocrx_word' id='word_1_238' title='bbox 1772 1993 1851 2036; x_wconf 92' lang='lat' dir='ltr'>sibi</span> <span class='ocrx_word' id='word_1_239' title='bbox 1869 1994 2079 2048; x_wconf 88' lang='lat' dir='ltr'>patiatur,</span> <span class='ocrx_word' id='word_1_240' title='bbox 2117 1995 2256 2049; x_wconf 89' lang='lat' dir='ltr'>ipsum</span> 
     </span>
     <span class='ocr_line' id='line_1_24' title="bbox 419 2070 2256 2127; baseline 0 -12"><span class='ocrx_word' id='word_1_241' title='bbox 419 2076 639 2116; x_wconf 88' lang='lat' dir='ltr'>auctorem</span> <span class='ocrx_word' id='word_1_242' title='bbox 657 2072 926 2115; x_wconf 87' lang='lat' dir='ltr'>tritissimum</span> <span class='ocrx_word' id='word_1_243' title='bbox 945 2072 1194 2115; x_wconf 77' lang='lat' dir='ltr'>vocabulum</span> <span class='ocrx_word' id='word_1_244' title='bbox 1212 2072 1256 2114; x_wconf 94' lang='lat' dir='ltr'>in</span> <span class='ocrx_word' id='word_1_245' title='bbox 1280 2070 1489 2115; x_wconf 76' lang='grc' dir='ltr'><strong><em>Μάναλιν</em></strong></span> <span class='ocrx_word' id='word_1_246' title='bbox 1508 2071 1791 2127; x_wconf 77' lang='lat' dir='ltr'>depravasse?</span> <span class='ocrx_word' id='word_1_247' title='bbox 1818 2072 1946 2115; x_wconf 90' lang='lat' dir='ltr'>Certo</span> <span class='ocrx_word' id='word_1_248' title='bbox 1966 2072 2079 2115; x_wconf 90' lang='lat' dir='ltr'>enim</span> <span class='ocrx_word' id='word_1_249' title='bbox 2099 2073 2256 2115; x_wconf 90' lang='lat' dir='ltr'>certius</span> 
     </span>
     <span class='ocr_line' id='line_1_25' title="bbox 417 2148 2257 2210; baseline 0.001 -16"><span class='ocrx_word' id='word_1_250' title='bbox 417 2154 501 2204; x_wconf 90' lang='lat' dir='ltr'>est,</span> <span class='ocrx_word' id='word_1_251' title='bbox 530 2150 757 2208; x_wconf 90' lang='lat' dir='ltr'>Iosephum</span> <span class='ocrx_word' id='word_1_252' title='bbox 782 2150 882 2194; x_wconf 90' lang='lat' dir='ltr'>olim</span> <span class='ocrx_word' id='word_1_253' title='bbox 911 2148 1196 2194; x_wconf 92' lang='grc' dir='ltr'>ΜΑΑΝΑΙΝ</span> <span class='ocrx_word' id='word_1_254' title='bbox 1217 2149 1364 2208; x_wconf 89' lang='lat' dir='ltr'>(Duali</span> <span class='ocrx_word' id='word_1_255' title='bbox 1392 2163 1587 2203; x_wconf 92' lang='lat' dir='ltr'>numero,</span> <span class='ocrx_word' id='word_1_256' title='bbox 1619 2154 1669 2194; x_wconf 93' lang='lat' dir='ltr'>ut</span> <span class='ocrx_word' id='word_1_257' title='bbox 1693 2149 1891 2210; x_wconf 79' lang='grc' dir='ltr'><strong><em>Καρναΐν</em></strong></span> <span class='ocrx_word' id='word_1_258' title='bbox 1909 2151 2007 2194; x_wconf 85' lang='lat' dir='ltr'>Ant.</span> <span class='ocrx_word' id='word_1_259' title='bbox 2026 2150 2121 2204; x_wconf 88' lang='lat' dir='ltr'>XII,</span> <span class='ocrx_word' id='word_1_260' title='bbox 2143 2154 2182 2204; x_wconf 89' lang='lat'>8,</span> <span class='ocrx_word' id='word_1_261' title='bbox 2201 2153 2257 2208; x_wconf 86' lang='lat'>4.)</span> 
     </span>
     <span class='ocr_line' id='line_1_26' title="bbox 417 2227 2257 2286; baseline 0.001 -12"><span class='ocrx_word' id='word_1_262' title='bbox 417 2231 659 2286; x_wconf 91' lang='lat' dir='ltr'>scripsisse,</span> <span class='ocrx_word' id='word_1_263' title='bbox 696 2229 965 2286; x_wconf 90' lang='lat' dir='ltr'>postmodum</span> <span class='ocrx_word' id='word_1_264' title='bbox 999 2243 1076 2285; x_wconf 90' lang='lat' dir='ltr'>per</span> <span class='ocrx_word' id='word_1_265' title='bbox 1113 2229 1270 2274; x_wconf 86' lang='lat' dir='ltr'>calami</span> <span class='ocrx_word' id='word_1_266' title='bbox 1298 2229 1612 2274; x_wconf 86' lang='lat' dir='ltr'>aberrationem</span> <span class='ocrx_word' id='word_1_267' title='bbox 1643 2230 1688 2273; x_wconf 91' lang='lat' dir='ltr'>in</span> <span class='ocrx_word' id='word_1_268' title='bbox 1719 2227 2009 2276; x_wconf 91' lang='grc' dir='ltr'>ΜΑΝΑΛΙΝ</span> <span class='ocrx_word' id='word_1_269' title='bbox 2038 2234 2257 2283; x_wconf 86' lang='lat' dir='ltr'>mutatum,</span> 
     </span>
     <span class='ocr_line' id='line_1_27' title="bbox 418 2307 2257 2371; baseline 0 -18"><span class='ocrx_word' id='word_1_270' title='bbox 418 2309 519 2353; x_wconf 91' lang='lat' dir='ltr'>licet</span> <span class='ocrx_word' id='word_1_271' title='bbox 536 2309 582 2352; x_wconf 93' lang='lat' dir='ltr'>in</span> <span class='ocrx_word' id='word_1_272' title='bbox 601 2309 722 2353; x_wconf 91' lang='lat' dir='ltr'>libris</span> <span class='ocrx_word' id='word_1_273' title='bbox 740 2308 903 2352; x_wconf 83' lang='lat' dir='ltr'>nullum</span> <span class='ocrx_word' id='word_1_274' title='bbox 921 2308 1106 2364; x_wconf 89' lang='lat' dir='ltr'>supersit</span> <span class='ocrx_word' id='word_1_275' title='bbox 1126 2308 1334 2371; x_wconf 84' lang='lat' dir='ltr'>genuinae</span> <span class='ocrx_word' id='word_1_276' title='bbox 1353 2307 1591 2364; x_wconf 78' lang='lat' dir='ltr'>scripturae</span> <span class='ocrx_word' id='word_1_277' title='bbox 1608 2307 1845 2365; x_wconf 80' lang='lat' dir='ltr'>vestigium.</span> <span class='ocrx_word' id='word_1_278' title='bbox 1903 2308 2036 2353; x_wconf 88' lang='lat' dir='ltr'>Plura</span> <span class='ocrx_word' id='word_1_279' title='bbox 2061 2312 2257 2366; x_wconf 83' lang='lat' dir='ltr'>expeten-</span> 
     </span>
     <span class='ocr_line' id='line_1_28' title="bbox 417 2387 2254 2444; baseline 0.002 -14"><span class='ocrx_word' id='word_1_280' title='bbox 417 2392 503 2430; x_wconf 87' lang='lat' dir='ltr'>tem</span> <span class='ocrx_word' id='word_1_281' title='bbox 521 2387 672 2444; x_wconf 86' lang='lat' dir='ltr'>ablego</span> <span class='ocrx_word' id='word_1_282' title='bbox 691 2387 748 2431; x_wconf 88' lang='lat' dir='ltr'>ad</span> <span class='ocrx_word' id='word_1_283' title='bbox 767 2392 980 2431; x_wconf 88' lang='lat' dir='ltr'>extremos</span> <span class='ocrx_word' id='word_1_284' title='bbox 999 2387 1313 2444; x_wconf 87' lang='lat' dir='ltr'>Antiquitatum</span> <span class='ocrx_word' id='word_1_285' title='bbox 1329 2387 1463 2432; x_wconf 90' lang='lat' dir='ltr'>libros</span> <span class='ocrx_word' id='word_1_286' title='bbox 1492 2387 1798 2444; x_wconf 83' lang='lat' dir='ltr'>comparandos</span> <span class='ocrx_word' id='word_1_287' title='bbox 1825 2402 1921 2431; x_wconf 90' lang='lat' dir='ltr'>cum</span> <span class='ocrx_word' id='word_1_288' title='bbox 1948 2388 2023 2441; x_wconf 90' lang='lat' dir='ltr'>iis,</span> <span class='ocrx_word' id='word_1_289' title='bbox 2062 2402 2171 2444; x_wconf 84' lang='lat' dir='ltr'>quae</span> <span class='ocrx_word' id='word_1_290' title='bbox 2199 2389 2254 2433; x_wconf 87' lang='lat' dir='ltr'>ab</span> 
     </span>
     <span class='ocr_line' id='line_1_29' title="bbox 416 2466 2252 2523; baseline 0.001 -13"><span class='ocrx_word' id='word_1_291' title='bbox 416 2467 536 2511; x_wconf 89' lang='lat' dir='ltr'>initio</span> <span class='ocrx_word' id='word_1_292' title='bbox 556 2467 763 2511; x_wconf 91' lang='lat' dir='ltr'>librorum</span> <span class='ocrx_word' id='word_1_293' title='bbox 782 2467 836 2511; x_wconf 89' lang='lat' dir='ltr'>de</span> <span class='ocrx_word' id='word_1_294' title='bbox 855 2466 975 2511; x_wconf 90' lang='lat' dir='ltr'>Bello</span> <span class='ocrx_word' id='word_1_295' title='bbox 993 2466 1167 2512; x_wconf 89' lang='lat' dir='ltr'>Iudaico</span> <span class='ocrx_word' id='word_1_296' title='bbox 1185 2467 1519 2523; x_wconf 88' lang='lat' dir='ltr'>perscriptorum</span> <span class='ocrx_word' id='word_1_297' title='bbox 1536 2469 1775 2511; x_wconf 84' lang='lat' dir='ltr'>recurrunt.</span> <span class='ocrx_word' id='word_1_298' title='bbox 1825 2466 1890 2511; x_wconf 88' lang='lat' dir='ltr'>Ibi</span> <span class='ocrx_word' id='word_1_299' title='bbox 1906 2467 2101 2519; x_wconf 82' lang='lat' dir='ltr'>inveniet,</span> <span class='ocrx_word' id='word_1_300' title='bbox 2120 2467 2252 2512; x_wconf 91' lang='lat' dir='ltr'>libros</span> 
     </span>
     <span class='ocr_line' id='line_1_30' title="bbox 418 2538 2252 2602; baseline -0.001 -12"><span class='ocrx_word' id='word_1_301' title='bbox 418 2547 603 2602; x_wconf 89' lang='lat' dir='ltr'>optimae</span> <span class='ocrx_word' id='word_1_302' title='bbox 622 2550 749 2590; x_wconf 89' lang='lat' dir='ltr'>notae</span> <span class='ocrx_word' id='word_1_303' title='bbox 769 2546 864 2589; x_wconf 90' lang='lat' dir='ltr'>Ant.</span> <span class='ocrx_word' id='word_1_304' title='bbox 885 2545 1004 2597; x_wconf 87' lang='lat' dir='ltr'>XIII,</span> <span class='ocrx_word' id='word_1_305' title='bbox 1035 2549 1104 2598; x_wconf 87' lang='lat'>15,</span> <span class='ocrx_word' id='word_1_306' title='bbox 1135 2550 1173 2590; x_wconf 90' lang='lat'>3.</span> <span class='ocrx_word' id='word_1_307' title='bbox 1203 2545 1490 2590; x_wconf 85' lang='lat' dir='ltr'>Alexandrum</span> <span class='ocrx_word' id='word_1_308' title='bbox 1514 2545 1747 2590; x_wconf 89' lang='lat' dir='ltr'>Iannaeum</span> <span class='ocrx_word' id='word_1_309' title='bbox 1773 2545 1913 2589; x_wconf 91' lang='lat' dir='ltr'>dicere</span> <span class='ocrx_word' id='word_1_310' title='bbox 1931 2538 2252 2589; x_wconf 65' lang='lat' dir='ltr'>urbem&#39;Fooav</span> 
     </span>
     <span class='ocr_line' id='line_1_31' title="bbox 416 2612 2251 2683; baseline -0.001 -13"><span class='ocrx_word' id='word_1_311' title='bbox 416 2640 681 2683; x_wconf 86' lang='lat' dir='ltr'>expugnasse</span> <span class='ocrx_word' id='word_1_312' title='bbox 707 2639 887 2682; x_wconf 84' lang='lat' dir='ltr'>prorsus</span> <span class='ocrx_word' id='word_1_313' title='bbox 914 2625 1124 2682; x_wconf 86' lang='lat' dir='ltr'>ignotam,</span> <span class='ocrx_word' id='word_1_314' title='bbox 1155 2640 1285 2683; x_wconf 88' lang='lat' dir='ltr'>quam</span> <span class='ocrx_word' id='word_1_315' title='bbox 1307 2625 1435 2683; x_wconf 87' lang='lat' dir='ltr'>iidem</span> <span class='ocrx_word' id='word_1_316' title='bbox 1462 2625 1564 2670; x_wconf 91' lang='lat' dir='ltr'>libri</span> <span class='ocrx_word' id='word_1_317' title='bbox 1589 2625 1638 2669; x_wconf 93' lang='lat' dir='ltr'>B.</span> <span class='ocrx_word' id='word_1_318' title='bbox 1656 2625 1694 2670; x_wconf 88' lang='lat' dir='ltr'>J.</span> <span class='ocrx_word' id='word_1_319' title='bbox 1713 2624 1750 2678; x_wconf 90' lang='lat'>1,</span> <span class='ocrx_word' id='word_1_320' title='bbox 1777 2631 1822 2679; x_wconf 86' lang='lat'>4,</span> <span class='ocrx_word' id='word_1_321' title='bbox 1849 2627 1885 2668; x_wconf 88' lang='lat'>8.</span> <span class='ocrx_word' id='word_1_322' title='bbox 1914 2612 2028 2669; x_wconf 89' lang='lat' dir='ltr'>recte</span> <span class='ocrx_word' id='word_1_323' title='bbox 2047 2624 2251 2683; x_wconf 77' lang='grc' dir='ltr'><strong><em>Γέρασαν</em></strong></span> 
     </span>
     <span class='ocr_line' id='line_1_32' title="bbox 415 2702 2251 2760; baseline -0.001 -12"><span class='ocrx_word' id='word_1_324' title='bbox 415 2709 588 2756; x_wconf 83' lang='lat' dir='ltr'>vocant3</span> <span class='ocrx_word' id='word_1_325' title='bbox 618 2704 806 2748; x_wconf 81' lang='lat' dir='ltr'>inveniet</span> <span class='ocrx_word' id='word_1_326' title='bbox 823 2704 872 2747; x_wconf 90' lang='lat' dir='ltr'>B.</span> <span class='ocrx_word' id='word_1_327' title='bbox 891 2704 928 2748; x_wconf 84' lang='lat' dir='ltr'>J.</span> <span class='ocrx_word' id='word_1_328' title='bbox 949 2704 981 2756; x_wconf 92' lang='lat' dir='ltr'>I,</span> <span class='ocrx_word' id='word_1_329' title='bbox 1003 2709 1041 2756; x_wconf 89' lang='lat'>4,</span> <span class='ocrx_word' id='word_1_330' title='bbox 1064 2709 1102 2749; x_wconf 87' lang='grc'>6.</span> <span class='ocrx_word' id='word_1_331' title='bbox 1121 2704 1365 2760; x_wconf 82' lang='grc' dir='ltr'><em>Βεμέσελιν</em></span> <span class='ocrx_word' id='word_1_332' title='bbox 1384 2704 1540 2757; x_wconf 77' lang='grc' dir='ltr'><strong><em>πόλιν,</em></strong></span> <span class='ocrx_word' id='word_1_333' title='bbox 1580 2705 1633 2748; x_wconf 92' lang='lat' dir='ltr'>de</span> <span class='ocrx_word' id='word_1_334' title='bbox 1657 2717 1743 2760; x_wconf 88' lang='lat' dir='ltr'>qua</span> <span class='ocrx_word' id='word_1_335' title='bbox 1767 2704 1861 2747; x_wconf 86' lang='lat' dir='ltr'>Ant.</span> <span class='ocrx_word' id='word_1_336' title='bbox 1881 2703 2004 2755; x_wconf 87' lang='lat' dir='ltr'>XIII,</span> <span class='ocrx_word' id='word_1_337' title='bbox 2035 2707 2106 2755; x_wconf 88' lang='grc'>14,</span> <span class='ocrx_word' id='word_1_338' title='bbox 2135 2707 2173 2747; x_wconf 91' lang='grc'>2.</span> <span class='ocrx_word' id='word_1_339' title='bbox 2202 2702 2251 2747; x_wconf 78' lang='grc' dir='ltr'>ἐν</span> 
     </span>
     <span class='ocr_line' id='line_1_33' title="bbox 378 2781 2249 2842; baseline -0.002 -15"><span class='ocrx_word' id='word_1_340' title='bbox 378 2810 381 2812; x_wconf 98' lang='grc'>-</span> <span class='ocrx_word' id='word_1_341' title='bbox 414 2781 607 2842; x_wconf 72' lang='grc' dir='ltr'><strong><em>Βεθόμῃ</em></strong></span> <span class='ocrx_word' id='word_1_342' title='bbox 627 2782 762 2827; x_wconf 82' lang='grc' dir='ltr'><strong><em>πόλει</em></strong></span> <span class='ocrx_word' id='word_1_343' title='bbox 784 2783 943 2826; x_wconf 89' lang='lat' dir='ltr'>dictum</span> <span class='ocrx_word' id='word_1_344' title='bbox 970 2787 1055 2835; x_wconf 92' lang='lat' dir='ltr'>est,</span> <span class='ocrx_word' id='word_1_345' title='bbox 1068 2784 1109 2840; x_wconf 74' lang='grc'>3)</span> <span class='ocrx_word' id='word_1_346' title='bbox 1138 2788 1182 2827; x_wconf 89' lang='lat' dir='ltr'>et</span> <span class='ocrx_word' id='word_1_347' title='bbox 1210 2783 1257 2826; x_wconf 90' lang='lat' dir='ltr'>id</span> <span class='ocrx_word' id='word_1_348' title='bbox 1282 2798 1416 2839; x_wconf 88' lang='lat' dir='ltr'>genus</span> <span class='ocrx_word' id='word_1_349' title='bbox 1443 2783 1539 2827; x_wconf 89' lang='lat' dir='ltr'>alia.</span> <span class='ocrx_word' id='word_1_350' title='bbox 1595 2783 1646 2826; x_wconf 90' lang='lat' dir='ltr'>In</span> <span class='ocrx_word' id='word_1_351' title='bbox 1662 2786 1785 2826; x_wconf 90' lang='lat' dir='ltr'>tanta</span> <span class='ocrx_word' id='word_1_352' title='bbox 1803 2786 1948 2825; x_wconf 91' lang='lat' dir='ltr'>autem</span> <span class='ocrx_word' id='word_1_353' title='bbox 1965 2782 2170 2826; x_wconf 89' lang='lat' dir='ltr'>librorum</span> <span class='ocrx_word' id='word_1_354' title='bbox 2188 2783 2249 2824; x_wconf 88' lang='lat' dir='ltr'>in—</span> 
     </span>
     <span class='ocr_line' id='line_1_34' title="bbox 418 2860 2247 2919; baseline 0 -15"><span class='ocrx_word' id='word_1_355' title='bbox 418 2862 660 2905; x_wconf 83' lang='lat' dir='ltr'>constantia</span> <span class='ocrx_word' id='word_1_356' title='bbox 680 2866 724 2905; x_wconf 91' lang='lat' dir='ltr'>et</span> <span class='ocrx_word' id='word_1_357' title='bbox 741 2861 986 2905; x_wconf 85' lang='lat' dir='ltr'>infirmitate</span> <span class='ocrx_word' id='word_1_358' title='bbox 1006 2876 1129 2906; x_wconf 91' lang='lat' dir='ltr'>nemo</span> <span class='ocrx_word' id='word_1_359' title='bbox 1147 2863 1307 2919; x_wconf 87' lang='lat' dir='ltr'>poterit</span> <span class='ocrx_word' id='word_1_360' title='bbox 1324 2876 1388 2915; x_wconf 90' lang='lat' dir='ltr'>ea,</span> <span class='ocrx_word' id='word_1_361' title='bbox 1408 2861 1461 2906; x_wconf 89' lang='lat' dir='ltr'>de</span> <span class='ocrx_word' id='word_1_362' title='bbox 1480 2863 1632 2918; x_wconf 88' lang='lat' dir='ltr'>quibus</span> <span class='ocrx_word' id='word_1_363' title='bbox 1647 2861 1837 2916; x_wconf 89' lang='lat' dir='ltr'>quaestio</span> <span class='ocrx_word' id='word_1_364' title='bbox 1856 2863 1932 2912; x_wconf 89' lang='lat' dir='ltr'>est,</span> <span class='ocrx_word' id='word_1_365' title='bbox 1953 2861 2010 2904; x_wconf 89' lang='lat' dir='ltr'>ad</span> <span class='ocrx_word' id='word_1_366' title='bbox 2024 2860 2247 2916; x_wconf 89' lang='lat' dir='ltr'>pristinam</span> 
     </span>
    </p>
   </div>
   <div class='ocr_carea' id='block_1_5' title="bbox 412 2977 725 2986">
    <p class='ocr_par' dir='ltr' id='par_1_5' title="bbox 412 2977 725 2986">
     <span class='ocr_line' id='line_1_35' title="bbox 412 2977 725 2986; baseline 0 0"><span class='ocrx_word' id='word_1_367' title='bbox 412 2977 725 2986; x_wconf 95' lang='lat' dir='ltr'> </span> 
     </span>
    </p>
   </div>
   <div class='ocr_carea' id='block_1_6' title="bbox 414 3032 2247 3156">
    <p class='ocr_par' dir='ltr' id='par_1_6' title="bbox 414 3032 2247 3156">
     <span class='ocr_line' id='line_1_36' title="bbox 533 3032 2247 3088; baseline -0.001 -12"><span class='ocrx_word' id='word_1_368' title='bbox 533 3032 574 3085; x_wconf 82' lang='lat'>³)</span> <span class='ocrx_word' id='word_1_369' title='bbox 604 3037 717 3076; x_wconf 88' lang='lat' dir='ltr'>Inter</span> <span class='ocrx_word' id='word_1_370' title='bbox 739 3042 952 3087; x_wconf 84' lang='lat' dir='ltr'>utrumque</span> <span class='ocrx_word' id='word_1_371' title='bbox 979 3037 1107 3085; x_wconf 85' lang='lat' dir='ltr'>cogita</span> <span class='ocrx_word' id='word_1_372' title='bbox 1126 3035 1346 3088; x_wconf 72' lang='grc' dir='ltr'><strong><em>Βεσίμελιν</em></strong></span> <span class='ocrx_word' id='word_1_373' title='bbox 1374 3037 1538 3076; x_wconf 81' lang='lat' dir='ltr'>formam</span> <span class='ocrx_word' id='word_1_374' title='bbox 1567 3036 1824 3076; x_wconf 88' lang='lat' dir='ltr'>intercedere.</span> <span class='ocrx_word' id='word_1_375' title='bbox 1883 3038 2095 3074; x_wconf 74' lang='grc' dir='ltr'>ΒΕΕΕΜΕΛ</span> <span class='ocrx_word' id='word_1_376' title='bbox 2115 3039 2247 3075; x_wconf 85' lang='lat' dir='ltr'>autem</span> 
     </span>
     <span class='ocr_line' id='line_1_37' title="bbox 414 3103 2247 3156; baseline 0.001 -15"><span class='ocrx_word' id='word_1_377' title='bbox 414 3107 456 3142; x_wconf 89' lang='lat' dir='ltr'>et</span> <span class='ocrx_word' id='word_1_378' title='bbox 477 3106 679 3142; x_wconf 85' lang='grc' dir='ltr'>ΒΕΘΟΜΗ</span> <span class='ocrx_word' id='word_1_379' title='bbox 701 3117 782 3144; x_wconf 86' lang='lat' dir='ltr'>non</span> <span class='ocrx_word' id='word_1_380' title='bbox 802 3109 883 3145; x_wconf 85' lang='lat' dir='ltr'>tam</span> <span class='ocrx_word' id='word_1_381' title='bbox 903 3109 995 3145; x_wconf 85' lang='lat' dir='ltr'>sunt</span> <span class='ocrx_word' id='word_1_382' title='bbox 1015 3105 1242 3153; x_wconf 85' lang='lat' dir='ltr'>dissimilia,</span> <span class='ocrx_word' id='word_1_383' title='bbox 1273 3109 1317 3145; x_wconf 92' lang='lat' dir='ltr'>ut</span> <span class='ocrx_word' id='word_1_384' title='bbox 1344 3104 1510 3143; x_wconf 84' lang='lat' dir='ltr'>alterum</span> <span class='ocrx_word' id='word_1_385' title='bbox 1531 3116 1611 3143; x_wconf 90' lang='lat' dir='ltr'>non</span> <span class='ocrx_word' id='word_1_386' title='bbox 1636 3103 1814 3155; x_wconf 82' lang='lat' dir='ltr'>potnerit</span> <span class='ocrx_word' id='word_1_387' title='bbox 1832 3116 1883 3143; x_wconf 86' lang='lat' dir='ltr'>ex</span> <span class='ocrx_word' id='word_1_388' title='bbox 1902 3103 2026 3144; x_wconf 85' lang='lat' dir='ltr'>altero</span> <span class='ocrx_word' id='word_1_389' title='bbox 2047 3103 2247 3156; x_wconf 86' lang='lat' dir='ltr'>progredi.</span> 
     </span>
    </p>
   </div>
  </div>
 </body>
</html>
