2921 3716
1428 350 1495 397 14

523 482 635 524 enim
656 481 712 524 ad
734 476 857 524 οἶκον
876 483 955 524 τοῦ
969 479 1219 533 Λυσανίου,
1240 485 1337 538 post
1352 480 1560 525 Zenodori
1580 481 1747 525 demum
1768 485 1949 525 mortem
1969 481 2129 540 Herodi
2147 495 2175 526 a
2191 470 2376 526 Caesare

524 561 699 614 donata,
720 561 802 605 Ios.
824 562 921 605 Ant.
940 561 1032 612 XV,
1056 564 1120 612 10,
1143 564 1181 605 3.
1234 561 1556 617 IgiturSeleucz’a
1576 562 1620 604 in
1639 561 1721 605 hac
1741 560 1915 617 regione
1936 564 2128 605 extrema
2147 565 2243 605 erat
2262 561 2378 613 urbs,

524 639 783 683 Iudaeorum
811 639 962 683 ditioni
990 639 1194 682 subiecta.
1253 639 1453 696 Adiungit
1477 627 1679 696 Iosephus
1705 666 1761 672 —
1789 639 1835 693 b)
1863 638 2065 694 Γάβαλα.
2124 638 2223 683 Sine
2253 639 2381 684 dubio

527 717 720 773 Γάμαλα
741 718 974 770 castellum,
993 717 1037 760 in
1059 717 1331 761 Gaulanitide
1350 718 1549 762 inferiore
1569 718 1697 762 situm
1715 718 1796 763 Ios.
1817 718 1864 761 B.
1884 717 1921 761 J.
1941 717 2012 769 IV,
2037 720 2072 767 1,
2097 721 2130 760 1.
2143 752 2153 769 ,
2173 717 2217 760 in
2237 718 2379 761 animo

525 796 678 848 habet,
704 797 761 841 ab
780 795 1023 840 Alexandro
1045 795 1231 839 Iannaeo
1258 799 1431 852 captum
1450 796 1546 839 Ant.
1565 796 1682 849 XIII,
1715 801 1784 850 15,
1817 800 1870 845 3.,
1909 795 2179 852 postmodum
2205 795 2261 839 ab
2286 797 2380 852 ipso

527 873 708 930 Iosepho
728 874 936 917 munitum
956 873 1004 915 B.
1023 872 1063 916 J.
1083 872 1141 925 H,
1164 876 1239 926 20,
1261 877 1318 926 6.,
1347 887 1375 917 a
1394 873 1655 930 Vespasiano
1676 877 1980 931 expugnatum,
2000 873 2055 917 ib.
2074 873 2152 926 IV,
2176 877 2196 917 1
2210 907 2220 926 ,
2245 877 2264 917 1
2288 887 2380 930 sqq.

525 952 723 995 Ceterum
761 953 867 995 satis
902 950 1182 1008 probabiliter
1220 952 1306 994 iam
1339 953 1669 1010 Haverca‘mpiue
1703 957 1937 1010 praeeunte
1975 952 2149 996 Nori-sio
2184 952 2378 1005 coniecit,

524 1031 749 1086 Iosephum
769 1029 900 1073 etiam
919 1029 1034 1080 loco,
1065 1029 1118 1072 de
1139 1043 1223 1084 quo
1243 1043 1355 1072 nunc
1375 1034 1443 1073 est
1461 1031 1674 1086 quaestio,
1705 1029 1897 1088 Γάμαλα
1909 1032 1978 1087 ¹⁰)
1999 1030 2230 1087 scripsisse.

640 1108 885 1163 Sequuntur
912 1131 964 1140 —
999 1108 1042 1162 2)
1072 1107 1229 1163 oppida
1259 1108 1302 1149 in
1331 1108 1563 1152 Moabitide
1596 1110 1691 1152 sita.
1749 1110 1845 1152 Non
1870 1110 2074 1152 immoror
2104 1109 2378 1164 explicandis,

522 1200 632 1243 quae
660 1187 704 1228 in
735 1186 886 1242 vulgus
911 1190 1015 1228 nota
1042 1190 1154 1228 sunt.
1211 1185 1322 1228 Nam
1341 1199 1465 1230 nemo
1485 1187 1656 1242 ignorat
1675 1212 1728 1219 —
1758 1187 1802 1242 a)
1826 1183 2103 1242 Ἐσσεβών,
2142 1187 2231 1231 sive
2260 1195 2382 1250 1³³⁹?ss

521 1266 644 1309 Num.
666 1270 738 1316 21,
762 1269 827 1309 26.
850 1269 923 1316 32,
947 1269 1012 1307 37.
1042 1264 1124 1308 Ios.
1149 1267 1221 1316 12,
1244 1268 1281 1307 2.
1311 1265 1391 1308 Ies.
1418 1269 1487 1315 15,
1508 1271 1546 1307 4.
1572 1270 1643 1317 16,
1670 1270 1707 1308 9.
1729 1266 1802 1316 al.,
1835 1265 1945 1307 Ptol.
1967 1266 2022 1317 V,
2058 1270 2129 1316 17,
2158 1271 2215 1315 6.;
2249 1272 2293 1308 et
2320 1291 2376 1298 —

521 1345 567 1400 b)
587 1342 857 1403 Μήδαβα,
877 1345 964 1387 sive
986 1358 1119 1403 κῃχῑρ
1145 1345 1266 1387 Num.
1287 1349 1353 1397 21,
1376 1349 1442 1388 30.
1463 1346 1543 1387 Ios.
1569 1350 1631 1397 13,
1653 1350 1691 1388 9.
1715 1350 1778 1388 16.
1799 1346 1879 1387 Ies.
1904 1350 1968 1396 15,
1990 1349 2027 1388 2.
2053 1350 2073 1388 1
2095 1346 2227 1388 Maec.
2249 1350 2288 1396 9,
2311 1350 2376 1389 36.

525 1424 578 1466 cl.
599 1437 633 1466 c.
655 1424 738 1466 Ios.
758 1424 856 1466 Ant.
877 1423 993 1475 XIII,
1019 1427 1053 1473 1,
1076 1427 1113 1466 2.
1135 1429 1173 1466 4.
1195 1428 1233 1475 9,
1259 1428 1305 1475 1.,
1326 1424 1434 1467 Ptol.
1453 1425 1503 1475 V,
1528 1428 1591 1475 17,
1614 1428 1650 1467 6.
1663 1458 1672 1474 ,
1692 1424 1821 1466 urbes
1841 1423 2006 1466 dirutas
2027 1424 2209 1479 quidem,
2229 1428 2376 1466 tamen

524 1503 653 1546 etiam
679 1516 793 1545 nunc
822 1503 911 1545 suis
931 1502 1170 1545 nominibus
1191 1507 1387 1554 vocatas,
1417 1504 1584 1545 Seetzen
1603 1503 1758 1544 Reisen
1779 1502 1812 1544 I.
1841 1516 1881 1557 p.
1903 1506 1998 1544 407.
2027 1503 2296 1545 Burckhm·dt
2321 1502 2374 1544 Π.

523 1596 563 1637 p.
585 1585 668 1624 623
688 1595 751 1637 sq.
787 1606 840 1613 —
877 1581 918 1636 c)
938 1580 1023 1623 Λέ
1028 1596 1060 1635 μ
1072 1584 1139 1634 βα
1159 1594 1311 1623 nomen
1330 1585 1405 1624 aut
1424 1582 1717 1636 corrigendum
1737 1586 1820 1632 est,
1847 1585 1896 1624 ut
1923 1594 2055 1636 supra
2073 1596 2113 1636 p.
2138 1585 2202 1624 11.
2222 1580 2372 1636 indigi-

522 1660 625 1712 tavi,
646 1664 724 1702 aut
744 1659 827 1702 situ
847 1659 1051 1714 ignotum.
1112 1658 1231 1709 Quae
1252 1683 1305 1690 —
1328 1659 1372 1714 d)
1394 1663 1628 1716 sequuntur
1645 1654 1728 1718 ’ορ
1740 1660 1777 1702 ὥ
1787 1675 1888 1708 ναι,
1910 1673 1985 1702 eae
2005 1657 2259 1703 conveniunt
2278 1672 2375 1701 cum

523 1742 645 1790 nuni-2
668 1737 747 1782 Ies.
770 1741 833 1789 15,
855 1741 893 1782 5.
914 1736 995 1780 Ier.
1016 1739 1082 1788 48,
1104 1740 1142 1781 3.
1163 1741 1200 1781 5.
1224 1740 1302 1790 34„
1323 1737 1439 1781 haud
1458 1727 1605 1794 procul
1626 1739 1681 1783 ab
1701 1740 1909 1794 angustiis
1930 1738 2092 1794 (n-nabq
2112 1736 2241 1798 nbi-2²2)
2261 1738 2374 1781 inter

520 1815 751 1873 Areopolin
770 1817 892 1874 (aigin
911 1815 984 1873 πὶ)
1006 1818 1051 1858 et
1063 1813 1182 1859 Mare
1197 1820 1411 1860 mortuum
1426 1816 1674 1868 interiectis,
1691 1810 1925 1871 Ὠροναεὶμ
1944 1816 2077 1867 πόλις
2092 1816 2245 1870 Μωάβ
2258 1814 2372 1870 apud

521 1895 754 1940 Eusebium
776 1893 926 1938 Onom.
946 1908 986 1949 p.
1012 1896 1103 1936 122.
1125 1893 1176 1937 cl.
1198 1908 1233 1937 c.
1254 1909 1295 1949 p.
1317 1897 1384 1938 24.
1426 1894 1562 1950 Igitur
1582 1910 1653 1938 res
1671 1895 1768 1950 ipsa
1785 1898 1871 1937 non
1890 1899 2087 1938 versatur
2105 1895 2149 1937 in
2169 1893 2373 1949 ambigui-

520 1978 624 2019 tate.
672 1973 767 2017 Non
786 1972 891 2017 item
912 1972 1137 2029 scriptura.
1181 1971 1291 2016 Nam
1310 1987 1390 2029 pro
1410 1973 1475 2024 iis,
1496 1988 1606 2029 quae
1625 1987 1738 2016 nunc
1758 1974 1920 2024 suntin
1939 1973 2170 2028 impressis,
2188 1973 2234 2015 in
2252 1971 2372 2016 libris

520 2051 823 2108 manuscriptis
844 2051 957 2107 apud
978 2052 1329 2109 Haveroampium
1349 2056 1598 2108 comparent
1615 2052 1809 2096 nomina:
1829 2045 1992 2109 '‘Oowv,
2011 2044 2158 2104 Αἷμα,
2180 2053 2225 2094 et
2245 2050 2372 2094 etiam

522 2131 616 2175 loco
632 2132 729 2174 Ant.
741 2130 852 2181 XIV,
876 2133 912 2181 1,
932 2134 987 2178 4.,
1007 2144 1091 2184 quo
1109 2124 1303 2188 Ὀρῶναι
1317 2135 1556 2182 recurrunt,
1575 2131 1620 2173 in
1639 2130 1761 2174 libris
1772 2125 1928 2186 Ὀρῶν,
1949 2131 2111 2185 Λιγμᾶ
2131 2128 2196 2172 vel
2218 2129 2374 2172 similia

522 2208 771 2262 traduntur,
805 2207 1009 2251 mendosa
1031 2207 1219 2263 quidem,
1253 2209 1317 2252 ita
1335 2212 1480 2252 tamen
1499 2213 1767 2265 comparata,
1796 2212 1845 2251 ut
1862 2208 1917 2251 iis
1943 2207 2075 2251 liceat
2103 2221 2372 2264 cognoscere,

520 2289 748 2344 Iosephum
768 2288 867 2331 olim
886 2282 1111 2346 Ὀρωναΐμ
1133 2288 1367 2343 scripsisse,
1387 2293 1571 2343 utroque
1590 2288 1696 2340 loco,
1719 2288 1755 2331 si
1774 2287 1877 2343 quid
1896 2287 2030 2337 video,
2050 2287 2372 2330 restituendum.

524 2368 652 2410 Tales
673 2367 824 2410 Dualis
844 2366 1012 2409 numeri
1031 2365 1192 2408 formas
1215 2380 1300 2408 non
1319 2367 1553 2409 abhorrere
1572 2367 1627 2409 ab
1647 2365 1816 2421 Iosephi
1835 2365 2036 2420 loquendi
2055 2365 2371 2419 consuetudine,

521 2445 723 2500 exemplis
739 2441 969 2504 ,Ἀδωραΐμ
990 2445 1086 2485 Ant.
1108 2444 1218 2495 VIII,
1242 2448 1306 2495 10,
1331 2449 1379 2495 1.,
1400 2443 1599 2498 Δωθαΐμ
1619 2444 1674 2485 ib.
1693 2444 1767 2495 IX,
1788 2448 1827 2494 4,
1850 2447 1910 2495 3.,
1928 2438 2121 2502 Ἐφραῒμ
2143 2441 2373 2496 πολίχνιον

521 2525 570 2566 Β.
590 2524 628 2567 J.
647 2524 718 2576 IV,
740 2527 779 2575 9,
800 2527 839 2565 9.
858 2523 1080 2578 probatur.
1104 2547 1156 2554 —
1179 2523 1269 2565 Iam
1290 2522 1595 2577 quaerentibus
1615 2522 1737 2564 nobis
1758 2521 1810 2563 de
1831 2521 2005 2576 oppido,
2036 2521 2150 2576 quod
2170 2545 2225 2551 —
2245 2523 2288 2577 e)
2309 2522 2373 2564 Io-

522 2602 679 2657 sephus
701 2599 938 2645 Τελίθωνα
956 2604 1094 2652 vocat,
1115 2601 1285 2644 omnino
1304 2616 1391 2644 non
1410 2600 1675 2650 haberemus,
1696 2599 1810 2654 quod
1828 2599 1872 2641 in
1891 2599 2183 2655 investigando
2203 2599 2371 2642 nomine

521 2667 697 2734 prorsus
716 2679 863 2734 ignoto
883 2677 1046 2721 frustra
1065 2678 1391 2730 desudaremus,
1421 2678 1459 2720 si
1485 2677 1728 2720 indubitata
1752 2682 1866 2719 esset
1885 2678 2122 2732 scripturae
2142 2677 2260 2720 fides.
2318 2679 2372 2719 At

525 2772 626 2800 vero
655 2757 741 2800 iam
760 2758 1067 2814 Havercampio
1094 2757 1272 2811 placuit,
1308 2754 1546 2800 Γελίθωνα
1572 2756 1750 2799 formam
1775 2757 1983 2811 recipere,
2021 2756 2204 2811 librique
2228 2771 2372 2798 manu-

642 2937 712 2985 10)
743 2939 878 2977 Possit
898 2941 1095 2990 quispiam
1125 2940 1331 2988 arbitrari,
1375 2936 1577 2991 Γάμαλαν
1605 2940 1881 2988 corrigendum
1912 2951 2015 2987 esse,
2057 2940 2152 2991 quia
2176 2940 2371 2990 Iosephus

526 3002 703 3056 Γάμαλα
723 3020 869 3045 nomen
890 3007 1091 3055 Singulari
1117 3020 1280 3045 numero
1309 3009 1461 3046 dictum
1489 3020 1679 3057 usurpare
1710 3007 1824 3045 solet.
1881 3008 1961 3044 Sed
1981 3008 2177 3057 Iosephus
2210 3007 2370 3044 omnino

521 3074 565 3113 in
585 3074 693 3113 hisce
715 3074 796 3113 sibi
816 3087 897 3112 non
918 3074 1052 3113 ubivis
1074 3080 1236 3113 constat.
1295 3076 1352 3114 ef.
1375 3072 1567 3125 Μήδαβα
1590 3088 1744 3121 nomen,
1768 3076 1876 3125 quod
1896 3075 2088 3125 sequitur.
