2921 3716
2331 151 2382 175 οι
2426 154 2455 180 ·‚

2113 195 2118 202 .
2283 182 2354 220 (3
2399 198 2434 224 ,-

2039 347 2041 349 ,
2089 309 2122 364 .·⁶,
2179 361 2193 376 ‘
2419 302 2464 349 *t

2123 374 2234 429 2³3.ss
2343 368 2379 417 ,ἡ

2070 426 2145 456 ᾗ..
2211 439 2220 449 ⁴
2333 432 2342 450 ἑ

2031 474 2050 494 n
2145 456 2192 516 fic:

2051 511 2120 547 ,ἣν
2293 510 2375 564 ’‘⁸''

2071 573 2143 592 ...-
2293 565 2380 610 ’,λ’

2064 632 2148 672 ιζὶ

2075 736 2121 778 ..,Δ
2344 759 2361 779 ο

1695 928 1719 944 n
2101 922 2119 949 1

450 1455 917 1564 Flaviumiosephum
931 1544 939 1560 ,
970 1510 1272 1564 peritissimum
1301 1508 1443 1551 rerum
1470 1510 1744 1573 Iudaicarum
1766 1514 2013 1567 scriptorem
2028 1546 2036 1562 ,
2067 1512 2279 1554 historicis
2355 1523 2357 1525 ·

436 1588 538 1630 >suis
562 1588 681 1631 libris
709 1589 832 1632 simul
850 1588 1225 1644 locupletissimum
1245 1603 1338 1632 esse
1358 1590 1694 1644 cognoscendae
1695 1592 1837 1635 terrae
1857 1596 2029 1642 sanctae
2051 1595 2279 1639 auctorem

450 1676 574 1709 nemo
602 1671 687 1718 est,
710 1668 781 1733 qui
801 1672 947 1726 neget.
971 1668 1076 1724 Ipse
1097 1669 1207 1710 enim
1228 1659 1531 1725 Hierosolymis
1551 1669 1681 1730 nobili
1701 1679 1852 1725 genere
1873 1676 2017 1720 natus,
2037 1671 2214 1725 ingenue
2235 1673 2275 1709 et

409 1777 413 1780 -
449 1745 682 1811 liberaliter
702 1747 905 1790 educatus
926 1752 1066 1804 atque
1073 1747 1170 1790 inde
1199 1762 1226 1790 a
1244 1749 1431 1806 pueritia,
1450 1748 1655 1803 singulari
1672 1748 1855 1792 imbutus
1874 1750 2129 1797 litterarum
2132 1762 2275 1790 amore
2325 1748 2332 1754 ‘

449 1808 701 1890 optimisque
729 1827 878 1869 studiis
904 1827 1135 1887 instructus
1163 1827 1220 1888 ((1.
1240 1827 1323 1869 Vit.
1344 1828 1475 1883 sua}
1498 1828 1573 1882 2.),
1613 1834 1741 1883 quum
1769 1829 1936 1885 ingenio
1964 1844 2040 1871 suo
2065 1828 2276 1883 animique

450 1904 672 1969 altitudine
692 1905 806 1960 apud
824 1905 1051 1961 populares
1083 1920 1180 1948 suos
1210 1910 1333 1966 tanta
1363 1905 1587 1948 excelleret
1615 1896 1841 1962 dignitate,
1876 1911 1928 1948 ut
1955 1907 2138 1949 instante
2166 1905 2276 1948 bello

450 1996 544 2025 cum
564 1965 766 2026 Romanis
790 1985 975 2038 gerendo
1006 1998 1195 2027 summae
1220 1998 1364 2041 rerum
1388 1986 1431 2027 in
1452 1985 1645 2028 Galilaea
1659 1985 2038 2040 gubernandarum
2065 1989 2155 2027 tam
2183 1985 2280 2026 civi-

449 2062 550 2105 lium
572 2078 705 2118 quam
732 2057 974 2117 militarium
993 2064 1346 2119 praeponeretur,
1385 2062 1766 2120 perquirendarum
1791 2065 1959 2121 patriae
1985 2078 2087 2106 suae
2117 2064 2282 2119 provin-

450 2128 609 2183 cia-rum
635 2144 897 2184 occasionem
924 2143 1247 2184 nanciscebatur
1271 2143 1476 2203 idoneam..
1491 2134 1873 2198 gravissimamque*
1890 2157 2098 2185 caussam.
2158 2145 2217 2183 Ac
2246 2144 2282 2183 si

449 2225 612 2263 attento
632 2222 772 2263 animo
786 2222 1121 2282 ,consideramus
1142 2226 1250 2275 qu'ae
1271 2222 1322 2263 de
1342 2223 1639 2281 totiusterrae
1658 2226 1826 2272 natura,
1846 2222 1898 2264 de
1919 2223 2012 2272 soli,
2041 2236 2281 2276 camporum

397 2297 402 2304 ’
450 2304 493 2343 et
512 2299 701 2341 locorum
720 2301 888 2355 ingenio
909 2300 1100 2342 docuerit
1119 2300 1166 2341 B.
1185 2300 1223 2341 J.
1240 2300 1313 2350 ΙΠ,
1336 2305 1373 2351 3,
1398 2286 1427 2342 1⁵
1441 2315 1545 2355 sqq.,
1567 2302 1669 2358 quid
1688 2302 1742 2343 de
1764 2301 1943 2343 convalli
1961 2292 2281 2356 scaturigiiiosa.

449 2380 493 2420 in
522 2393 607 2433 qua
629 2379 983 2421 Iordanis'fontes
1003 2378 1217 2434 profluunt
1237 2369 1283 2419 Β.
1303 2380 1340 2420 J.
1360 2380 1433 2430 ΠΙ,
1458 2378 1580 2432 10,’7.
1611 2380 1680 2432 IV,
1705 2385 1739 2431 1,
1764 2385 1798 2421 1.
1828 2381 1923 2421 Ant.
1944 2380 2032 2430 XV,
2057 2384 2120 2430 10,
2142 2384 2197 2430 3.‚
2229 2380 2280 2419 de

413 2481 417 2486 ·
448 2452 548 2501 lacu
568 2458 805 2502 Tiberiadis
825 2459 871 2501 B.
890 2458 928 2502 J.
940 2458 1028 2510 ΠΙ,
1065 2462 1134 2511 10,
1167 2461 1203 2505 8.,
1217 2493 1227 2509 ,
1257 2458 1309 2501 (10
1330 2436 1435 2527 valle
1454 2459 1646 2503 Iordanis
1666 2463 1710 2503 et
1727 2459 2019 2503 mari—mortuo
2040 2444 2281 2513 exposuerit

450 2540 496 2582 B.
516 2540 554 2581 J.
574 2539 651 2590 IV,
684 2543 728 2591 8,
761 2544 785 2582 2
808 2554 889 2594 sq.,
921 2539 1023 2594 quid
1050 2539 1101 2595 de
1133 2539 1326 2582 litoribus
1355 2541 1485 2582 maris
1511 2540 1810 2583 mediterranei
1838 2539 2127 2594 portubusque
2146 2552 2278 2593 prope

444 2618 753 2682 ⁴Ptolemaidem
772 2618 818 2660 B.
838 2619 877 2661 J.
896 2618 956 2661 II
983 2622 1055 2669 10,
1077 2617 1147 2666 2.,‘
1178 2619 1428 2662 Caesaream
1447 2618 1486 2670 Ι,
1508 2622 1583 2670 21,
1605 2623 1642 2662 5.
1681 2619 1828 2670 111‚9‚
1853 2622 1886 2660 1.
1927 2618 2023 2659 Ant.
2043 2616 2138 2668 XV,
2159 2621 2203 2667 9,
2227 2621 2277 2664 6.

450 2692 579 2753 Iopen
597 2697 643 2739 B.
664 2696 701 2739 J.
722 2696 805 2747 ΙΠ,
827 2700 873 2747 9,
896 2701 954 2748 3.,
983 2696 1065 2743 vel
1093 2701 1142 2739 ut
1161 2697 1212 2740 de
1231 2697 1451 2752 permultis
1470 2672 1635 2759 taceam
1655 2696 1848 2752 singulis,
1877 2710 1987 2751 quae
2008 2695 2060 2737 (10
2079 2695 2277 2738 Hieroso-

449 2777 572 2833 lymis
591 2776 639 2819 B.
659 2776 697 2818 J.
718 2776 775 2842 V,
803 2781 850 2827 4,
885 2781 918 2818 1.
949 2776 1073 2824 docte
1093 2781 1137 2819 et
1157 2780 1357 2834 accurate
1377 2775 1616 2830 scripserit.
1636 2775 1768 2817 facile
1788 2774 2010 2825 sentimus,
2039 2774 2276 2829 Iosephum

367 2884 370 2888 -
450 2854 595 2910 qualia
624 2836 799 2909 aspectu
837 2858 879 2896 et
914 2854 1173 2908 experiundo
1199 2855 1481 2910 cognovisset,
1519 2853 1627 2896 talia
1653 2853 1781 2896 etiam
1807 2867 1903 2895 cum
1922 2852 2155 2895 vlectoribus
2190 2853 2278 2894 suis

449 2933 792 2977 communicasse.
850 2933 980 2975 Immo
993 2967 1002 2985 ‚
1034 2938 1194 2988 quanto
1222 2933 1378 2975 rectius
1407 2931 1595 2975 novimus
1615 2935 1857 2987 quantoque
1879 2931 2138 2988 diligentius,
2168 2945 2278 2986 quae

449 3014 655 3069 Iosephus
680 3013 923 3066 tradiderit,
951 3027 1246 3068 comparamus
1273 3017 1364 3056 tum
1386 3012 1751 3076 Qmsscripturae
1772 3011 1929 3075 Sacrae
1957 3015 2001 3054 et
2025 3011 2278 3063 relicuorum

451 3092 625 3135 testium
645 3093 916 3148 antiquorum
937 3090 1190 3144 enunciatis,
1224 3096 1325 3135 tum*
1339 3091 1529 3142 cumiis,
1560 3104 1668 3146 quae
1693 3091 1928 3134 recentiore
1948 3094 2136 3145 tempore
2157 3091 2278 3134 nobis

1956 3174 1971 3204 1
1982 3170 2000 3188 0
