2921 3716
1061 409 1266 416 ————
1338 386 1404 434 1¹7

454 524 652 582 pidorum
671 522 999 567 Moabiticorum
1020 520 1338 566 enumeratione
1358 518 1498 563 locum
1517 518 1674 562 habere
1693 522 1845 573 potest.
1885 516 2107 572 Iosephum
2130 513 2299 570 Ζώαρα

455 603 703 647 vocabulum
740 601 897 657 plurali
936 615 1111 644 numero
1151 600 1310 642 dictum
1349 598 1559 653 cogitare,
1616 597 1867 651 intelligitur
1905 610 1957 637 ex
1997 596 2134 637 verbis
2171 593 2302 651 μέχρι

456 682 645 739 Ζοάρων
663 682 742 736 τῆς
757 675 985 739 Ἀραβίας,
1006 679 1052 722 Β.
1073 679 1111 721 J.
1132 678 1202 730 IV,
1225 681 1262 730 8,
1285 683 1323 720 4.

571 759 688 810 Quae
715 759 933 814 hucusque
959 758 1282 814 disputavimus,
1321 756 1375 799 iis
1412 755 1629 798 commode
1664 754 1951 809 adstipulatur
1976 756 2063 809 ipse
2100 754 2300 808 Iosephus

456 840 552 881 Ant.
568 838 676 889 XIV,
703 842 736 889 1,
759 843 809 888 4.,
829 837 904 879 ubi
922 842 1082 888 narrat,
1102 837 1347 892 Hyrcanum
1366 836 1536 883 Aretae,
1558 835 1744 876 Arabum
1764 835 1874 888 regi,
1894 835 2154 887 promisisse,
2176 847 2220 875 se
2233 866 2242 880 ,
2265 832 2302 874 si

454 917 500 960 in
518 916 723 960 Iudaeam
741 916 940 959 reductus
962 921 1004 958 et
1023 916 1155 958 Areta
1174 914 1409 958 auxiliante
1428 913 1473 955 in
1492 928 1669 968 reguum
1690 914 1911 956 restitutus
1933 918 2065 963 esset,
2087 912 2301 967 regionem

438 1000 500 1039 'et
519 995 739 1039 duodecim
761 995 900 1046 urbes,
921 1009 1028 1050 quas
1048 998 1171 1049 pater
1190 993 1324 1048 ipsius
1343 992 1582 1035 Alexander
1602 993 1811 1035 Iannaeus
1831 993 2041 1034 Arabibus
2062 993 2301 1046 eripuisset,

457 1075 744 1126 redditurum,
764 1089 912 1129 nempe
933 1072 1150 1131 Maejdapssa,
1174 1069 1362 1128 Λιβιάς,
1384 1066 1641 1128 Hyaila,
1659 1067 1798 1117 Ἀθιό
1810 1091 1888 1129 νη,
1910 1078 1951 1115 Ζ
1957 1073 1992 1115 ai
2006 1090 2034 1115 α
2048 1088 2115 1129 ρα
2129 1106 2139 1121 ,
2159 1067 2301 1126 ’0ρῶ-

462 1170 534 1197 ναι
572 1149 856 1212 (Ὀρωναΐμ),
891 1152 1009 1196 alias.
1069 1151 1159 1204 Quo
1187 1151 1372 1195 arctiore
1400 1155 1542 1194 autem
1570 1166 1712 1194 rerum
1742 1155 2012 1195 narrat-arum
2041 1150 2206 1194 vinculo
2233 1150 2302 1191 hic

462 1234 581 1276 locus
604 1233 803 1275 cohaeret
824 1246 916 1274 cum
938 1231 1010 1275 illo
1033 1231 1144 1283 XIII,
1169 1236 1233 1282 15,
1254 1235 1305 1281 4.,
1327 1230 1399 1273 ubi
1420 1231 1472 1272 de
1491 1230 1646 1273 finibus
1666 1232 1721 1274 ab
1736 1232 1976 1274 Alexandro
1995 1233 2181 1273 Iannaeo
2203 1244 2297 1283 pro-

458 1313 628 1367 pagatis
650 1326 787 1354 sermo
822 1316 908 1361 est,
949 1325 998 1353 eo
1019 1310 1208 1352 firmiora
1227 1311 1361 1365 ipsius
1382 1311 1549 1365 Iosephi
1575 1311 1816 1353 testimonio
1846 1317 2110 1365 comparent,
2151 1308 2303 1363 quibus

461 1391 729 1434 coniecturae
751 1395 922 1432 nostrae
943 1390 1145 1441 nitantur,
1166 1389 1456 1433 fundamenta.

578 1470 769 1523 Denique
790 1456 996 1523 superest,
1016 1472 1063 1511 ut
1084 1468 1326 1523 diligentius
1343 1468 1608 1523 inquiramus
1628 1469 1671 1510 in
1692 1469 1911 1518 rationem,
1933 1484 2017 1522 qua
2038 1470 2218 1523 scriptor

578 1549 619 1603 3)
657 1546 841 1591 Πέλλαν
874 1546 1118 1596 adiunxerit
1144 1547 1468 1591 Moabiticarum
1506 1547 1671 1590 urbium
1708 1563 1893 1589 numero.
1961 1548 2097 1599 Quid?
2147 1548 2307 1588 Eratne

463 1627 564 1670 olim
583 1627 627 1669 in
646 1625 877 1669 Moabitide
901 1627 1019 1669 Pella
1039 1626 1152 1676 urbs,
1183 1626 1238 1669 ab
1258 1626 1344 1677 illa,
1366 1641 1491 1681 quam
1519 1626 1563 1668 in
1591 1626 1753 1669 Peraea
1779 1628 1903 1668 sitam
1925 1628 2135 1678 novimus,
2165 1627 2309 1668 distin-

463 1706 662 1763 guenda?
707 1706 865 1748 Annuit
911 1705 1007 1748 huic
1038 1707 1253 1748 Relcmdus
1289 1721 1327 1761 p.
1360 1710 1450 1749 101.
1480 1710 1574 1749 924.
1624 1707 1679 1747 At
1707 1722 1807 1749 vero
1837 1707 1921 1749 noli
1949 1708 2303 1762 praetermittere,

464 1786 687 1841 Iosephum
718 1785 812 1827 Ant.
835 1784 941 1836 XIV,
968 1789 1002 1837 1,
1025 1790 1062 1827 4.
1105 1787 1263 1828 Pellam
1288 1801 1369 1828 non
1392 1801 1735 1833 commemorare,
1758 1786 1853 1827 licet
1876 1801 1970 1828 eam
1992 1787 2157 1828 silentio
2185 1800 2305 1840 prae-

471 1867 600 1908 terire
622 1866 691 1906 vix
711 1865 933 1919 potuisset,
956 1865 991 1905 si
1016 1865 1132 1907 Pella
1156 1865 1198 1906 in
1219 1865 1449 1906 Moabitide
1470 1866 1553 1907 sita
1575 1867 1820 1907 exstitisset.
1861 1866 2043 1908 Accedit.
2067 1865 2179 1919 quod
2200 1864 2305 1906 nihil

466 1945 518 1988 de.
554 1945 671 1988 Pella
701 1942 932 1986 Moabitica
966 1942 1134 1985 aliunde
1167 1944 1286 1985 nobis
1314 1944 1558 1986 innotuerit.
1616 1944 1806 1997 Denique
1837 1959 1966 1997 quum
1993 1946 2036 1986 in
2062 1945 2304 1986 discrimine

466 2037 549 2065 non
579 2021 760 2077 amplius
787 2027 1001 2072 versetur,
1029 2021 1141 2075 apud
1171 2022 1401 2075 Iosephum
1428 2023 1522 2064 Ant.
1554 2022 1662 2073 XIV,
1695 2028 1731 2072 3,
1760 2028 1796 2064 2.
1819 2038 1900 2064 non
1931 2023 2193 2079 IIae‘ngss),
2226 2022 2300 2064 sed

460 2095 640 2158 Ἀβέλης
660 2100 716 2154 (h.
739 2095 948 2154 θ.’Ἀβιλα
968 2097 1223 2150 Λυσανίου)
1246 2099 1470 2154 legendum
1491 2115 1584 2144 esse
1604 2105 1718 2157 (nam
1741 2102 1852 2155 quod
1882 2103 2048 2144 Rittero
2084 2100 2177 2151 XV,
2210 2105 2246 2142 2.
2267 2116 2305 2156 p.

468 2181 587 2221 1027.
608 2192 844 2233 proponere
863 2178 1035 2233 placuit,
1050 2178 1093 2219 id
1113 2192 1262 2220 vereor
1283 2193 1334 2221 ne
1354 2180 1512 2223 nemini
1529 2181 1819 2236 persuadeat),
1841 2181 2061 2223 omninoin
2084 2181 2148 2223 his
2162 2186 2306 2223 terrae

465 2257 708 2312 regionibus
739 2261 866 2299 unam
886 2262 1053 2300 tantum
1073 2258 1263 2299 novimus
1286 2260 1463 2309 Pellam,
1486 2259 1685 2302 nimirum
1704 2260 1866 2302 Pellam
1902 2260 2026 2315 (Ptol.
2049 2260 2095 2310 V,
2123 2265 2185 2310 15,
2209 2263 2304 2313 23.),

466 2337 589 2391 aquis
619 2336 792 2378 divitem
820 2335 1169 2391 Decapolitanam
1186 2336 1305 2379 ‘Plin
1332 2336 1382 2380 N.
1408 2336 1462 2380 H.
1490 2337 1539 2391 V,
1565 2342 1627 2381 16.
1680 2339 1829 2395 Epiph.
1851 2339 1942 2383 adV.
1962 2339 2076 2382 haer.
2097 2338 2128 2381 I.
2148 2354 2187 2394 p.
2215 2342 2304 2382 123.

467 2416 619 2458 Euseb.
651 2415 798 2458 Onom.
819 2430 857 2471 p.
880 2419 957 2467 61„
977 2416 1022 2457 in
1049 2417 1450 2472 septentrionalibus
1470 2418 1660 2462 Peraeae
1679 2418 1833 2461 finibus
1859 2419 1938 2461 Ios.
1958 2419 2003 2460 Β.
2024 2419 2060 2461 J.
2082 2418 2168 2469 111„
2193 2423 2228 2470 3,
2253 2424 2300 2469 3.,

465 2495 582 2537 haud
601 2494 749 2550 procul
768 2495 822 2536 ab
839 2490 1035 2552 ,Ἀρβηλά
1058 2494 1182 2554 κώμη
1205 2497 1332 2551 (nunc
1354 2498 1491 2552 Irbz'd)
1513 2497 1665 2539 Euseb.
1689 2498 1835 2540 Onom.
1861 2513 1899 2551 p.
1923 2501 1987 2539 21.
2016 2502 2057 2540 et
2086 2512 2112 2539 a
2133 2497 2305 2553 Scytho-
2346 2497 2351 2501 ’

468 2573 555 2628 poli
582 2573 660 2616 Ios.
683 2574 779 2615 Ant.
800 2572 912 2620 XIV,
935 2577 973 2624 4,
996 2577 1032 2615 4.
1054 2574 1101 2615 B.
1121 2574 1158 2615 J.
1179 2574 1210 2626 Ι,
1234 2579 1270 2626 7,
1295 2580 1329 2617 7.
1350 2576 1401 2627 H,
1427 2579 1490 2621 18,
1516 2579 1550 2618 1.
1571 2577 1613 2618 in
1635 2576 1702 2620 via
1721 2576 1906 2631 publica,
1949 2591 2034 2630 qua
2063 2575 2303 2632 Scythopoli

468 2652 720 2695 transmisso
741 2650 922 2694 Iordane
949 2653 990 2693 in
1017 2653 1226 2696 Peraeam
1246 2654 1419 2697 tendere
1440 2654 1634 2697 solebant
1652 2655 1731 2697 Ios.
1752 2656 1846 2696 Ant.
1868 2655 1975 2705 XIV,
1999 2659 2035 2705 3,
2068 2661 2104 2696 4.
2126 2656 2171 2695 B.
2207 2655 2244 2696 J.
2272 2655 2303 2704 Ι,

470 2734 508 2781 6,
531 2735 569 2772 5.
589 2729 733 2786 Polyb.
755 2729 803 2781 V,
827 2733 891 2781 70,
917 2733 991 2782 12.,
1013 2731 1150 2782 sitam,
1172 2731 1227 2774 ab
1253 2716 1508 2774 Amathunte
1537 2732 1731 2783 castello,
1759 2733 1879 2775 nobis
1910 2713 2011 2775 noto
2039 2733 2138 2788 (vid.
2176 2747 2306 2787 supra

468 2823 507 2864 p.
542 2810 610 2863 8.)‚
640 2809 790 2864 viginti
821 2823 904 2851 uno
939 2808 1174 2853 miliaribus
1208 2811 1262 2853 ad
1296 2812 1624 2866 septentrionem
1653 2811 1805 2854 Euseb.
1840 2812 1866 2854 1.
1896 2827 1930 2854 c.
1957 2827 1997 2867 p.
2019 2816 2067 2863 9.,
2091 2812 2145 2854 ab
2173 2808 2308 2867 Ἰάβις

471 2888 559 2931 sive
577 2883 743 2942 Ἰαβεῖς
765 2891 805 2930 Γ
803 2883 962 2938 azanio,
984 2889 1022 2930 h.
1045 2903 1079 2931 e.
1103 2902 1183 2945 τινες
1206 2890 1294 2932 Iud.
1317 2894 1383 2941 21,
1406 2894 1430 2934 6
1451 2905 1540 2945 sqq.
1562 2890 1718 2945 (omos.
1739 2891 1834 2932 Ant.
1855 2892 1924 2942 VI,
1947 2897 1984 2942 5,
2010 2893 2074 2945 1.),
2097 2892 2203 2933 urbe
2225 2893 2307 2934 sita

471 2967 515 3008 in
535 2971 691 3017 monte,
712 2980 795 3021 quo
816 2968 995 3009 transito
1017 2967 1138 3010 Pella
1158 2967 1368 3011 Gerasam
1390 2971 1515 3023 (nunc
1543 2953 1721 3020 ἄενᾶεὴ,
1752 2969 1802 3012 cs.
1838 2970 2031 3013 Fulcher.
2064 2970 2236 3013 Carnot.
2264 2970 2307 3012 in

590 3137 664 3188 ¹⁴)
703 3140 804 3178 Vide
825 3141 1197 3179 commentationem
1227 3154 1350 3179 meam
1371 3143 1419 3179 de
1441 3138 1687 3181 Mamm&
1707 3141 1747 3181 ἐν
1771 3137 2007 3193 Ἀρβήλοις,
2033 3144 2156 3182 1853.
2181 3158 2220 3195 p.
2248 3147 2309 3185 1⁴2.

2066 3221 2086 3251 3
