2921 3716
1189 350 1486 425 ..ᾗ-,8

534 483 661 525 haec:
692 481 869 532 „Nach
891 486 916 525 6
938 482 1216 534 Stunden,“
1238 483 1278 525 h.
1298 498 1333 525 e.
1353 488 1579 538 postquam
1598 483 1705 525 vado
1730 483 1849 526 iuxta
1870 485 2144 540 Scythopolin
2163 484 2386 528 Iordanem

535 575 704 603 amnem
723 562 970 612 traiecerat,
1012 564 1166 617 „spiit
1195 563 1248 604 in
1275 561 1368 611 der
1386 561 1577 612 Nacht,
1612 561 1796 604 kamen
1828 563 1917 604 wir
1949 561 2128 607 rechts
2160 579 2250 607 vor
2286 564 2385 607 den

535 641 740 684 Ruinen
766 641 913 683 einer
940 640 1093 682 Stadt
1118 653 1214 682 aus
1241 640 1380 683 alter
1398 640 1513 682 Zeit
1543 639 1782 690 voriiber‚
1812 639 1891 683 die
1922 641 2266 699 am-Abhange
2296 643 2386 686 des

536 721 728 775 Berges
761 719 901 761 steht
932 719 1034 760 und
1063 719 1191 761 noch
1211 719 1351 773 jetzt
1378 719 1530 761 ihren
1559 719 2011 773 urspriingliche’n
2038 721 2233 765 Namen
2262 725 2387 765 Anat·

540 798 676 857 (aad)
689 799 845 840 fiihrt.
890 797 1060 839 Meine
1080 796 1362 839 Gefiihrten
1384 799 1527 852 (erant
1545 802 1691 839 autem
1710 797 1755 839 hi
1774 803 2034 841 mercatores
2053 798 2180 842 huius
2199 801 2388 855 regionis

538 876 782 933 peritissimi
812 875 1045 930 Saltenses)
1080 879 1272 930 sagten
1305 875 1420 926 mir,
1460 876 1584 918 dass
1623 877 1757 919 noch
1790 877 2032 920 mehrere
2057 877 2249 920 Saulen
2283 878 2383 920 und

539 956 667 999 auch
702 955 874 1011 einige
909 969 1099 1011 grosse
1133 954 1387 999 Gebaude
1422 955 1622 999 stehen.
1680 956 1775 1000 Ein
1808 956 2014 1000 kleiner
2038 956 2174 1001 Bach
2206 956 2385 1000 fliesst

537 1036 650 1077 hier
676 1035 730 1076 in
749 1033 833 1076 dic
854 1033 1031 1077 Ebene
1058 1033 1254 1077 hinab.⁸‘
1314 1034 1380 1076 Ex
1399 1034 1472 1086 iis,
1501 1049 1609 1089 quae
1628 1039 1879 1090 sequuntur,
1906 1034 2196 1091 intelligimus,
2221 1038 2384 1079 Bur-ck-

538 1114 750 1156 laardtium
780 1112 1059 1167 sesquihorae
1086 1113 1225 1167 spatio
1263 1113 1319 1156 ab
1360 1114 1584 1167 az-Zerlcd
1613 1115 1702 1157 sive
1726 1113 1896 1157 Jabbok
1922 1114 2091 1158 Veteris
2123 1115 2382 1158 Testamenti

536 1194 726 1234 torrente
747 1189 945 1234 abfuisse.
1003 1179 1140 1246 Igitur
1167 1189 1326 1233 rivulus
1340 1224 1350 1241 ‚
1388 1205 1520 1246 prope
1547 1205 1673 1246 quem
1692 1181 1872 1235 Amatae
1891 1192 2040 1235 ruinas
2057 1193 2247 1248 repperit
2268 1193 2384 1243 sitas,

538 1273 605 1313 est
635 1266 951 1325 Wadi-Raida,
993 1269 1065 1324 qui
1098 1282 1250 1312 nomen
1276 1267 1411 1311 traxit
1447 1282 1473 1311 a
1496 1255 1691 1325 Ῥαγαβᾶ
1719 1268 1899 1313 castello
1929 1268 1977 1314 ἐν
2001 1271 2096 1321 τοῖς
2122 1271 2386 1328 Γερασηνῶν

540 1345 665 1406 ὅροις
686 1346 829 1406 πέραν
847 1347 928 1390 τοῦ
943 1341 1185 1406 Ἰορδάνου,
1219 1346 1264 1389 in
1292 1361 1375 1402 quo
1397 1346 1628 1391 obsidendo
1647 1347 1889 1392 Alexander
1907 1347 2119 1392 Iannaeus
2140 1361 2385 1403 supremum

530 1411 646 1470 'obiit
664 1427 794 1479 diem,
820 1427 908 1470 Jos.
929 1428 1024 1469 Ant.
1044 1426 1156 1479 XIII,
1181 1429 1244 1479 15,
1266 1431 1322 1478 5.‚
1352 1441 1402 1470 ac
1421 1426 1545 1470 facile
1566 1432 1632 1471 est
1650 1427 1706 1471 ad
1724 1427 2063 1484 intelligendum,
2083 1427 2384 1471 Amathuntem

541 1507 640 1549 olim
659 1507 874 1549 conditam
895 1511 938 1549 et
957 1507 1163 1549 munitam
1182 1506 1314 1549 fuisse
1326 1541 1335 1557 ,
1374 1511 1423 1549 ut
1451 1506 1613 1550 aditum
1632 1507 1687 1550 ad
1706 1512 1872 1551 montes
1892 1507 1946 1551 ab
1966 1508 2152 1551 hostium
2173 1506 2385 1550 excursio·

541 1586 665 1629 nibus
684 1589 891 1628 tueretur.
946 1585 1046 1628 Pari
1073 1585 1199 1629 modo
1227 1586 1435 1637 „Amatelz
1456 1612 1511 1623 -·-
1532 1584 1616 1627 82³5
1630 1590 1654 1610 ‘⁶
1683 1576 1901 1642 comparet
1923 1587 2054 1630 etiam
2072 1587 2116 1630 in
2136 1587 2385 1630 Robinson&

541 1664 698 1708 tabulis
718 1663 926 1716 locorum,
954 1663 1044 1707 Vol.
1064 1663 1143 1717 ΙΠ,
1165 1668 1203 1708 2.
1222 1679 1262 1720 p.
1285 1668 1381 1708 920.
1439 1664 1613 1709 Rectius
1632 1669 1776 1709 tamen
1801 1665 1856 1710 ab
1875 1664 2085 1721 indigenis
2105 1663 2386 1720 scriptoribus

539 1758 690 1786 nomen
729 1738 826 1783 biae
866 1738 1089 1785 exaratum
1126 1742 1331 1794 traditur,
1370 1743 1487 1797 apud
1524 1743 1740 1787 Edrisium
1778 1744 1888 1799 (Syr.
1929 1744 1993 1787 ed.
2026 1744 2237 1797 Roeenm.)
2276 1757 2315 1797 p.
2347 1744 2386 1783 8.

530 1820 646 1883 „³255
682 1828 839 1876 λκιο-λι,
867 1821 908 1862 h.
931 1836 964 1862 e.
994 1823 1091 1863 urbs
1111 1824 1154 1862 1⁰⁷1
1175 1811 1373 1864 Iordanis
1394 1824 1500 1864 valle
1520 1823 1614 1865 sita.
1672 1823 1966 1878 Adstipulatur
1986 1822 2272 1865 testimonium
2292 1820 2386 1863 Tal-

538 1903 754 1943 mudicum
772 1901 886 1955 apud
908 1902 1145 1942 Relandum
1166 1898 1339 1954 p.'308.‚
1373 1915 1457 1955 quo
1479 1915 1565 1942 non
1585 1902 1722 1943 solum
1742 1916 1843 1943 mcv
1858 1903 1899 1955 ⁶)
1920 1902 2200 1956 comperimus
2220 1914 2386 1948 nomen,

539 1982 615 2023 sed
635 1981 767 2022 etiam
786 1979 1034 2029 edocemur,
1074 1980 1135 2021 sic
1155 1980 1315 2022 seriore
1335 1984 1526 2034 tempore
1546 1985 1740 2023 vocatam
1770 1994 1866 2023 esse
1892 1981 2059 2032 urbem,
2098 1981 2142 2021 in
2167 1979 2277 2021 valle
2298 1978 2385 2020 Ior-

541 2061 663 2103 danis
681 2059 879 2101 nimirum
900 2059 1037 2110 sitam,
1059 2058 1291 2113 antiquitus
1312 2067 1391 2117 1593
1412 2058 1493 2101 Ios.
1517 2062 1580 2111 13,
1603 2062 1670 2101 27.
1690 2059 1960 2115 appellatam.

659 2173 851 2226 Quocum
874 2172 1117 2215 testimonio
1145 2186 1274 2228 quum
1300 2172 1404 2216 nihil
1429 2173 1504 2225 sit,
1545 2172 1658 2228 quod
1687 2176 1867 2229 pugnet,
1904 2172 2097 2229 profecto
2116 2170 2387 2214 Amathuntis

542 2253 699 2296 rudera
719 2252 805 2295 situ
824 2264 902 2294 suo
922 2255 1020 2293 sunt
1040 2251 1246 2307 gravioris
1265 2253 1480 2296 momenti.
1520 2252 1630 2295 Nam
1649 2253 1834 2308 scriptor
1852 2252 1934 2295 Ios.
1959 2255 2022 2304 13,
2045 2255 2096 2294 27
2102 2284 2130 2302 .‚
2150 2249 2386 2299 recensitis,

540 2345 651 2387 quae
673 2330 768 2373 Gad
786 2330 919 2373 tribui
937 2331 980 2372 in
1000 2331 1215 2373 montanis
1236 2331 1477 2386 regionibus
1498 2332 1859 2374 committerentur
1877 2331 2018 2382 urbes,
2043 2334 2087 2372 in
2107 2331 2214 2373 valle
2235 2329 2384 2386 (32:33)

542 2424 598 2453 sc.
628 2410 824 2453 Iordanis
850 2410 957 2473 sitas
988 2424 1015 2452 a
1042 2409 1218 2452 meridie
1248 2409 1578 2466 septentrionem
1603 2424 1748 2453 versus
1780 2423 2031 2468 progressus
2051 2411 2247 2452 numerat
2265 2411 2388 2462 quat-

541 2494 657 2542 tuor,
677 2489 874 2533 videlicet
894 2501 973 2547 αξη
993 2503 1069 2540 wa„
1081 2523 1090 2541 ‚
1116 2503 1219 2551 ‘'7²:³-
1241 2504 1340 2543 ινφ..
1363 2497 1461 2553 niz->q
1481 2494 1523 2531 et
1541 2497 1644 2545 ᾔεις,
1671 2504 1749 2556 nec
1769 2489 1908 2542 video,
1935 2486 2037 2543 quid
2058 2491 2201 2542 cogat,
2222 2490 2269 2527 ut
2289 2500 2384 2527 cum

542 2569 682 2611 Keilio
709 2568 766 2611 ad
792 2568 945 2611 Iosuae
969 2568 1124 2611 librum
1150 2584 1190 2625 p.
1220 2572 1314 2612 260.
1345 2574 1390 2611 et
1417 2569 1456 2611 b.
1492 2570 1653 2611 Winero
1679 2569 1728 2611 R.
1749 2568 1912 2611 Wb.11.
1931 2583 1971 2623 p.
1995 2570 2089 2610 718.
2115 2566 2387 2615 arbitremur,

542 2657 625 2707 ηεξ
652 2647 802 2692 urbem
826 2648 1098 2691 meridionale
1120 2648 1359 2691 Tiberiadis
1379 2648 1500 2691 lacus
1522 2647 1757 2691 adiacuisse
1777 2648 1894 2691 litus.
1952 2647 2044 2690 Iam
2064 2660 2165 2688 vero
2186 2656 2267 2701 072⁸
2289 2658 2363 2694 wa
2374 2677 2384 2694 ,

542 2727 811 2785 postmodum
830 2730 977 2774 Livias
996 2732 1165 2780 vocata,
1196 2729 1300 2772 satis
1326 2732 1431 2772 nota
1458 2732 1540 2779 est,
1569 2732 1616 2770 ut
1644 2728 1755 2771 infra
1775 2709 2112 2783 explicabimus*
2149 2723 2297 2765 Vicina
2315 2737 2385 2775 mn,

662 2957 703 3005 ⁶)
734 2968 837 2996 anm,
869 2963 909 2995 et
930 2954 1148 3007 Ἀμαθοῦς
1173 2935 1230 2996 ita
1259 2960 1341 2996 fere
1373 2972 1415 2996 se
1445 2961 1610 3003 habent,
1640 2963 1685 2996 ut
1706 2958 1902 3009 Kaprai-c,
1932 2958 1970 2996 Γ
1966 2957 2117 3009 εφροῗς
2145 2956 2251 3004 apud
2271 2955 2387 3004 Poly-

542 3029 653 3067 bium
673 3028 717 3074 V,
752 3029 823 3074 70,
856 3028 921 3064 12.
952 3033 1172 3077 comparata
1200 3042 1287 3066 cum
1316 3032 1403 3078 ’ὕπερ
1431 3028 1521 3066 Iud.
1549 3029 1615 3075 10,
1640 3029 1676 3065 5.
1705 3028 1783 3066 Ios.
1805 3030 1898 3066 Ant.
1921 3027 1965 3073 V,
1995 3026 2038 3072 7,
2072 3025 2127 3070 6.,
2165 3017 2385 3075 είῑἜφρών

546 3099 564 3134 1
590 3097 709 3134 Mace.
733 3097 769 3143 5,
792 3096 859 3132 46.
