2921 3716
1166 399 1363 405 .-—-—.
1439 378 1471 423 4
1538 398 1732 404 -—

526 509 824 561 innotuerunt,
863 512 984 553 tanto
1014 508 1211 565 graviora
1239 508 1424 553 evadunt
1450 507 1696 552 testimonia
1721 511 1766 551 et
1795 506 2046 556 eruditionis
2075 512 2120 552 et
2147 508 2247 553 fidei
2275 523 2369 554 con-

527 589 795 645 stantiaeque
817 588 1029 633 dictorum
1044 589 1086 644 1)
1108 588 1342 644 scriptoris

643 691 764 743 Quod
786 705 915 746 quum
934 691 997 734 ita
1016 691 1090 742 sit,
1130 703 1199 734 res
1219 672 1417 746 profecto*
1432 691 1572 746 magni
1593 689 1794 733 momenti
1814 692 1899 741 est,
1938 689 2218 746 interpretem
2237 691 2280 734 in
2300 705 2369 733 ex·

525 769 734 825 plicandis
769 770 1090 826 quaestionibus
1124 770 1336 813 historicis
1379 773 1422 813 et
1460 767 1753 826 geographicis
1794 767 2040 824 saepissime
2074 769 2367 826 praepeditum

526 864 619 892 esse
651 850 810 905 duplici
837 849 1099 892 difficultate.
1159 851 1217 892 Ac
1257 849 1438 905 primum
1477 849 1649 904 quidem
1688 848 1859 891 nomino
1893 846 1989 903 ipsa
2021 847 2192 904 Iosephi
2223 849 2365 900 verba,

526 942 655 983 quae,
676 933 724 972 ut
742 914 789 971 in·
806 928 1024 984 impressis
1045 928 1415 980 circumferuntur,
1443 928 1571 972 etiam
1590 940 1702 970 nunc
1723 924 1899 977 habent,
1928 940 2039 981 quae
2060 926 2365 971 desiderentur.

525 1008 678 1050 Evenit
697 1007 870 1063 quidem
888 1006 1088 1058 feliciter,
1119 1011 1169 1049 ut
1197 1011 1295 1062 post
1314 1007 1586 1058 mediocrem,
1618 1004 1872 1049 editionibus
1893 1005 1949 1047 ad
1968 1005 2239 1049 tractandum
2259 1021 2365 1049 com·

519 1085 780 1128 modioribus
801 1084 1065 1140 divulgatum
1085 1086 1490 1142 Havercampz'anum
1511 1089 1775 1135 contextum,
1804 1098 1887 1139 quo
1907 1097 1993 1126 non
2013 1084 2104 1126 sine
2124 1085 2186 1127 rei
2206 1085 2359 1128 damno

519 1178 623 1219 prae
645 1164 801 1207 ceteris
821 1163 888 1206 usi
909 1166 1026 1214 sunt,
1065 1163 1139 1217 qui
1158 1164 1202 1206 in
1221 1163 1301 1206 hoc
1322 1164 1562 1207 litterarum
1583 1177 1736 1219 genere
1757 1162 2052 1216 elaborarunt,
2092 1163 2156 1206 vir
2175 1164 2364 1208 doctissi-

518 1259 611 1286 mus
623 1279 632 1295 ,
670 1248 761 1286 tam
780 1242 949 1298 linguae
970 1256 1151 1297 graecae
1170 1243 1454 1298 peritissimus
1466 1278 1475 1295 ,
1514 1257 1643 1298 quam
1661 1243 1706 1285 in
1726 1246 1820 1286 arte
1840 1241 1990 1284 critica
2010 1242 2204 1297 gnaviter
2223 1248 2266 1286 et
2285 1244 2363 1286 cir-

518 1327 758 1379 cumspecte
785 1322 1023 1366 factitanda
1049 1321 1174 1378 longe
1204 1323 1599 1375 exercitatissimuS,
1629 1325 1863 1366 Guilelmus
1886 1324 2152 1373 Binda-fluo,
2166 1323 2209 1378 2)
2242 1323 2362 1366 eden-

517 1404 667 1448 dorum
686 1403 855 1459 Iosephi
876 1417 1051 1458 operum
1071 1416 1217 1446 curam
1230 1403 1282 1446 in
1303 1418 1349 1447 se
1370 1404 1604 1460 susciperet
1624 1405 1669 1446 et
1685 1417 1764 1459 pro
1785 1416 1854 1454 ea,
1885 1416 1973 1458 qua
1992 1406 2077 1455 est,
2112 1403 2361 1459 sagacitate,

518 1484 737 1540 diligentia
768 1488 810 1525 et
836 1483 1090 1525 assiduitate
1115 1486 1280 1525 textum
1310 1488 1401 1525 tum
1429 1497 1482 1526 ex
1508 1483 1714 1526 librorum
1732 1482 2118 1538 manuscriptorum
2137 1488 2361 1539 apparatu,

515 1569 606 1606 tum
635 1564 723 1606 suis
756 1563 1022 1617 aliorumque
1053 1564 1305 1606 coniecturis
1335 1563 1607 1606 emendatum
1634 1562 1969 1617 aequabiliorem
1998 1562 2198 1605 redderet
2224 1567 2269 1605 et
2293 1578 2361 1605 ex·

515 1643 818 1698 planatiorem:
847 1633 1117 1684 nihilominus
1137 1645 1282 1684 tamen
1304 1646 1517 1698 superest,
1546 1646 1594 1685 ut
1612 1641 1670 1684 ad
1688 1641 1913 1697 pristinam
1932 1641 2224 1696 integritatem
2244 1657 2360 1685 revo-

514 1727 635 1762 cetur
656 1721 853 1762 vitiorum
874 1733 1006 1774 genus
1019 1753 1028 1770 ,
1070 1720 1183 1774 quod
1211 1733 1419 1775 persaepe
1447 1734 1532 1763 non
1551 1724 1640 1763 tam
1657 1720 1833 1774 impedit
1852 1733 1994 1770 usum,
2035 1733 2164 1773 quam
2182 1707 2358 1762 omnem

512 1801 715 1849 fructum,
757 1813 883 1853 quem
910 1813 962 1841 ex
981 1798 1149 1853 Iosephi
1169 1798 1289 1842 libris
1311 1799 1481 1842 litterae
1500 1799 1757 1854 percipiant,
1797 1799 1841 1841 in
1867 1797 2094 1841 discrimen
2120 1812 2274 1842 vocare
2292 1799 2358 1842 vel

511 1880 678 1920 irritum
698 1879 838 1919 facere
859 1878 1104 1928 minitatur,
1145 1878 1239 1919 dico
1268 1878 1313 1919 id
1341 1891 1491 1933 genus,
1531 1878 1644 1932 quod
1673 1879 1863 1919 cernitur
1892 1878 1935 1918 in
1966 1878 2208 1931 depravatis
2228 1880 2357 1919 nomi-

511 1957 635 1999 nibus
656 1957 848 1999 locorum
866 1956 1062 2012 propriis.

626 2140 665 2191 ¹)
695 2142 755 2179 Ex
784 2143 944 2180 infinito
982 2142 1065 2180 fere
1102 2141 1372 2192 exemplorum
1403 2154 1569 2181 numero
1601 2142 1829 2180 consideres
1858 2142 1979 2181 velim
2012 2143 2125 2181 haec:
2161 2142 2356 2192 Iosephus

508 2206 559 2246 B.
579 2211 617 2248 J.
638 2211 723 2256 ΙΙΙ,
749 2213 792 2259 7,
815 2212 880 2249 21.
902 2212 1069 2248 iuvenes
1092 2214 1284 2248 memorat
1303 2210 1543 2249 fortitudine
1564 2210 1759 2261 insignes,
1781 2211 2010 2250 Eleazarum
2031 2205 2154 2260 Σαάβ
2173 2210 2260 2248 vico
2282 2209 2356 2248 Ga·

507 2278 626 2316 lilaeo
660 2278 895 2326 oriundum,
931 2279 1113 2317 Netimm
1151 2278 1192 2316 et
1226 2279 1455 2329 Philippum
1488 2274 1569 2318 ἀπὸ
1599 2271 1779 2329 ίΡουμᾶς
1809 2275 1963 2331 κώμης.
2019 2281 2105 2317 Iam
2135 2292 2227 2317 vero
2255 2279 2355 2313 Saab

506 2345 618 2384 vicus
655 2360 736 2384 non
765 2346 921 2393 differt,
965 2346 1000 2384 si
1028 2345 1127 2397 quid
1157 2345 1296 2393 video,
1337 2347 1386 2384 ab
1415 2346 1610 2385 hodierno
1637 2348 1759 2383 Sha‘ib
1778 2339 1940 2400 (cd-xm)
1968 2349 2073 2399 apud
2098 2347 2355 2383 Robinsonium

505 2413 674 2453 Palaest.
696 2415 774 2462 III,
797 2416 834 2453 2.
855 2428 893 2466 p.
916 2416 1033 2462 883.;
1066 2419 1105 2453 et
1128 2414 1248 2451 Rama
1273 2413 1338 2464 (cf.
1361 2415 1385 2453 2
1408 2416 1506 2465 Reg.
1529 2416 1603 2462 23,
1627 2415 1712 2467 36.)
1734 2416 1853 2454 etiam
1873 2428 1979 2454 nunc
1999 2421 2178 2467 superest
2200 2415 2354 2451 Khirbet

505 2482 691 2521 ‹ir-Rama·
714 2483 885 2522 nomine.
921 2482 1083 2521 Rudera
1102 2482 1189 2522 eius
1209 2485 1314 2522 teste
1340 2483 1374 2521 b.
1413 2482 1595 2520 Schultzio
1621 2483 1832 2531 (Zeitschr.
1853 2485 1891 2523 d.
1913 2485 1962 2522 D.
1979 2484 2032 2522 M.
2050 2483 2096 2522 G.
2113 2482 2194 2521 ΙΙΙ.
2213 2495 2251 2533 p.
2269 2481 2352 2530 50.)

505 2551 548 2590 in
565 2553 752 2590 'occasum
772 2565 912 2590 versus
933 2564 956 2589 a
979 2550 1199 2587 Rummdneh
1223 2551 1312 2590 vico
1333 2552 1507 2595 (Pococke
1523 2551 1639 2601 Mrgl.
1650 2552 1705 2590 11.
1727 2566 1764 2603 p.
1779 2553 1844 2590 91.
1870 2553 2056 2590 Robinson
2068 2551 2147 2590 ΠΙ.
2167 2564 2205 2601 p.
2221 2549 2350 2598 432),

504 2621 543 2657 h.
566 2633 599 2658 e.
627 2623 710 2668 ziz-au,
737 2619 816 2658 Ios.
842 2619 916 2664 19,
948 2619 1031 2666 13„
1065 2618 1342 2660 inveniuntur.
1362 2640 1419 2646 -
1437 2620 1554 2659 Idem
1579 2619 1623 2658 B.
1643 2619 1680 2659 J.
1699 2620 1784 2668 ΙΙΙ,
1815 2621 1857 2668 3,
1890 2621 1928 2660 5.
1956 2620 2090 2659 vicum
2110 2617 2290 2658 nominat
2309 2618 2352 2657 in

505 2689 708 2728 Samariae
737 2692 778 2728 et
795 2689 968 2728 Iudaeae
989 2689 1159 2727 confinio
1182 2689 1301 2729 situm
1320 2685 1505 2728 Ἀνουάθ
1523 2685 1737 2740 Βορκέως,
1773 2690 1944 2728 Iudaeae
1963 2688 2179 2732 terminum
2200 2691 2353 2737 septen-

502 2757 723 2797 trionalem.
785 2757 864 2797 Cfr.
901 2756 1068 2796 Eusebii
1105 2757 1244 2797 Onom.
1291 2772 1329 2808 p.
1365 2758 1426 2797 17.
1486 2757 1579 2796 Non
1611 2755 1766 2803 dubito,
1803 2757 1902 2807 quin
1933 2756 2127 2796 hodierno
2162 2755 2228 2795 die
2258 2754 2351 2794 huic

501 2826 588 2864 vico
626 2827 866 2876 respondeat
902 2826 1037 2872 Burlfd
1074 2826 1205 2872 vicus,
1245 2839 1268 2864 a
1296 2827 1437 2870 Βεὶεῑη,
1480 2827 1518 2863 h.
1556 2837 1589 2862 e.
1624 2824 1767 2868 Bethel,
1805 2838 1887 2864 non
1924 2826 2137 2864 admodum
2176 2836 2272 2862 rem(
2285 2828 2349 2861 tus

501 2894 747 2933 Euronotum
766 2907 923 2942 versus,
952 2895 1043 2931 Rob.
1063 2895 1121 2933 11.
1142 2908 1180 2944 p.
1204 2895 1298 2932 325.
1320 2894 1416 2932 330.
1462 2891 1572 2931 Hine
1591 2892 1686 2931 lieet
1704 2893 1877 2933 Iudaeae
1897 2893 1997 2932 fines
2018 2892 2124 2932 omni
2146 2903 2224 2942 qua
2244 2903 2342 2940 opus

501 2966 561 3001 est
581 2963 804 3002 subtilitate
824 2963 1018 3003 invenire.

616 3052 659 3103 2)
689 3054 819 3092 Flavii
847 3054 1011 3105 Iosephi
1038 3065 1177 3104 opera,
1213 3066 1351 3103 graece
1383 3057 1423 3092 et
1448 3053 1588 3102 latine,
1630 3055 1861 3103 recognovit
1896 3055 2091 3091 Guilelmus
2119 3052 2331 3092 Dindorfius

501 3122 665 3180 Parisiis
687 3121 764 3174 (ap.
786 3125 834 3162 A.
857 3123 900 3160 F.
922 3121 1068 3170 Didot)
1095 3122 1215 3159 1845.
1239 3122 1305 3159 47.
1338 3123 1360 3160 2
1385 3121 1488 3159 Voll.
