2921 3716
1182 384 1381 388 *f-ff—
1452 362 1484 411 s

541 511 744 541 revocare
757 498 1107 549 incolumitatem,
1128 499 1209 541 nisi
1226 499 1351 552 quiin
1365 498 1667 553 investigandis
1676 484 1806 541 rebus
1818 499 1874 541 ad
1881 501 2218 554 cognoscendam
2226 504 2386 551 terram
2429 510 2456 530 ¹·

544 581 739 620 sanctam
758 577 1053 634 spectantibus
1072 591 1246 634 operam
1266 592 1385 620 suam
1404 573 1617 624 locaverit,
1645 591 1723 619 nec
1742 576 1933 634 profecto
1950 579 2106 622 mirum
2127 568 2204 633 est,
2234 563 2387 624 doctis·
2394 589 2398 594 ·
2424 576 2428 580 ’

544 658 676 700 simos
695 657 810 701 viros
831 661 905 700 aut
923 657 1108 700 fructum
1128 669 1180 699 ex
1199 657 1398 713 Iosepho,
1431 670 1555 713 quem
1574 669 1725 712 capere
1745 657 2002 712 potuissent,
2030 671 2115 715 non
2133 660 2386 741 percepisse,
2395 718 2400 723 ι
2470 702 2490 712 ,,
2540 686 2542 689 -

544 742 620 780 aut
641 737 802 780 etiam
790 752 837 780 in
855 750 1023 780 errores
1043 749 1344 790 nonnunquam
1364 751 1550 780 summos
1570 750 1662 779 esse
1681 736 1889 779 inductos.

659 816 821 859 Deinde
841 813 1266 873 praetermittendum
1286 829 1371 858 non
1399 820 1484 868 est,
1510 816 1734 872 interpreti
1751 815 1930 859 multum
1950 816 2212 860 difficultatis
2231 778 2385 861 aflei-re

544 897 674 938 etiam
693 895 920 946 rationem,
948 907 1033 949 qua
1052 893 1289 949 Iosephus
1276 906 1368 948 ipse
1388 895 1559 937 nomina
1577 895 1790 938 tradenda
1810 895 2107 939 efformaverit.
2162 896 2240 959 Ille
2261 897 2384 950 enim,

544 989 672 1031 quum
703 974 756 1016 ad
790 972 1073 1016 instituendos
1106 971 1296 1014 Graecos
1322 972 1587 1015 Romanosve
1618 986 1773 1029 graeco
1808 987 2002 1017 sermone
2035 976 2259 1032 scriberet,
2300 991 2383 1019 non

542 1055 799 1096 mediocrem
813 1066 962 1095 curam
979 1053 1024 1094 in
1044 1065 1094 1094 eo
1115 1052 1387 1107 consumpsit,
1407 1055 1457 1094 ut
1475 1053 1682 1108 mitigatis
1702 1053 1966 1096 raucioribus
1986 1055 2154 1112 linguae
2174 1056 2383 1099 hebraeae

542 1133 656 1174 sonis
676 1132 864 1173 hebraea
884 1132 1055 1173 nomina
1074 1131 1138 1171 ita
1158 1130 1495 1182 transformaret,
1514 1135 1563 1172 ut
1578 1131 1786 1172 teretibus
1801 1131 2008 1174 lectorum
2022 1147 2196 1176 suorum
2210 1136 2383 1178 auribus

541 1213 740 1253 suaviora
759 1211 921 1252 fierent.
981 1211 1104 1260 Quod
1129 1215 1177 1251 ut
1205 1211 1411 1260 efficeret,
1445 1224 1544 1251 raro
1571 1215 1736 1252 tantum
1756 1215 1799 1251 et
1816 1211 1971 1253 invitus
1991 1213 2235 1255 immutatas
2254 1217 2384 1257 nomi·

469 1309 472 1312 ·
539 1306 655 1343 num,
680 1292 936 1345 praesertim
956 1304 1065 1344 quae
1085 1290 1413 1331 consonantibus
1431 1290 1698 1341 finiebantur,
1718 1290 1877 1331 formas
1896 1293 2201 1346 transscripsit,
2223 1296 2383 1336 studuit

540 1370 682 1423 potius
704 1373 782 1411 aut
802 1369 988 1423 expulsis
1010 1368 1125 1410 sonis
1139 1401 1149 1418 ,
1189 1372 1262 1409 aut
1287 1369 1548 1422 interpositis
1576 1368 1790 1410 vocalibus
1819 1369 2039 1411 insuavem
2058 1373 2381 1415 consonantium

541 1462 795 1490 concursum
814 1449 959 1499 lenire,
986 1448 1174 1495 resectis,
1201 1447 1352 1502 quibus
1372 1461 1550 1489 nervose
1570 1448 1817 1502 plerumque
1836 1447 2040 1490 finiuntur
2059 1450 2245 1492 hebraea
2264 1465 2384 1494 voca·
2425 1451 2434 1466 ³

541 1527 662 1578 bula,
701 1527 1011 1569 inclinamentis
1039 1526 1265 1568 verborum
1289 1527 1562 1580 asperitatem
1590 1530 1832 1581 temperare
1856 1527 1922 1569 vel
1948 1527 2103 1570 additis
2121 1528 2383 1573 terminatio-

540 1605 684 1655 nibus,
714 1609 764 1647 ut
783 1619 862 1660 per
881 1619 1005 1647 casus
1026 1604 1322 1654 flecterentur,
1343 1603 1485 1646 levare
1507 1603 1767 1660 Graecisque
1789 1605 1992 1648 similiora
2011 1606 2202 1649 reddere.
2261 1608 2383 1650 Hunc

540 1685 584 1726 in
601 1684 728 1727 finem
749 1681 820 1737 '’a‘'
842 1695 902 1736 1³²2
923 1688 1116 1739 puteum,
1145 1682 1260 1725 haud
1287 1682 1436 1738 procul
1464 1683 1518 1725 ab
1539 1682 1844 1742 Hierosolymis
1865 1684 1920 1726 ad
1939 1684 2103 1728 radices
2122 1686 2276 1728 montis
2299 1687 2383 1729 Oli-

538 1777 688 1808 varum
708 1762 849 1812 situm,
873 1755 1043 1820 Ἐρωγή
1063 1762 1158 1805 Ant.
1178 1762 1250 1814 IX,
1275 1765 1339 1814 10,
1361 1766 1398 1805 4.
1418 1762 1652 1814 nominare,
1682 1761 1788 1806 adeo
1809 1759 1872 1815 εἷς
1891 1761 2269 1822 Καριαθιαρίμαν
2289 1766 2382 1809 Ant.

538 1842 614 1888 VI.
639 1846 682 1895 1,
704 1846 761 1894 4.,
795 1836 911 1900 πρός
929 1855 1016 1884 τινι
1035 1835 1162 1900 κώμῃ
1184 1843 1225 1884 Γ
1224 1837 1522 1899 αβαθσαούλῃ
1544 1841 1590 1884 Β.
1611 1840 1649 1884 J.
1668 1841 1718 1894 V,
1750 1844 1794 1893 2,
1828 1845 1861 1884 1.
1892 1846 1937 1885 et
1964 1842 2118 1886 similia
2139 1842 2278 1888 dicere
2299 1858 2383 1888 non

539 1922 757 1966 dubitavit.
810 1923 866 1962 At
885 1933 985 1963 vero
1006 1934 1091 1964 non
1110 1920 1246 1964 ubivis
1266 1923 1355 1964 tam
1374 1933 1578 1976 prospere
1599 1921 1729 1965 cessit
1748 1905 1890 1977 opera,
1911 1922 2178 1978 praesertim,
2196 1923 2270 1967 ubi
2289 1938 2383 1980 gra-

538 2002 629 2045 vius
661 2004 864 2045 sonantes
894 1999 1131 2056 gutturales
1157 1999 1316 2043 nomini
1345 2013 1495 2056 graece
1524 2000 1870 2045 transscribendo
1897 2000 2128 2057 peculiaria
2148 2002 2383 2047 attulerunt

536 2080 853 2137 impedimenta.
911 2079 975 2122 Ibi
995 2078 1220 2136 Iosepbum
1247 2083 1337 2121 tum
1364 2079 1549 2123 admisso
1575 2080 1712 2132 hiatu,
1751 2084 1841 2124 tum
1864 2080 2018 2124 iunctis
2039 2083 2381 2133 consonantibus,

538 2165 630 2203 tum
659 2160 745 2203 alia
774 2159 962 2213 qualibet
990 2159 1155 2201 ratione
1183 2159 1479 2202 difficultatum
1499 2159 1859 2215 expediendarum
1879 2160 2100 2204 consilium
2122 2175 2148 2204 a
2166 2163 2383 2216 praesenti

539 2239 796 2282 necessitate
816 2238 1047 2281 invenimus
1069 2241 1351 2293 repetentem,
1390 2253 1535 2281 verum
1562 2237 1690 2281 etiam
1718 2253 1793 2282 suo
1823 2238 2036 2282 arbitratu
2063 2244 2150 2283 tam
2177 2240 2382 2284 violenter

535 2332 836 2372 nonnunquam
859 2319 1031 2359 nomina
1049 2322 1298 2368 mutantem,
1319 2322 1366 2359 ut
1385 2318 1519 2360 multa
1539 2331 1667 2373 aegre
1686 2322 1853 2360 tantum
1875 2319 2240 2374 dignoscantur4).
2287 2321 2379 2362 Huc

534 2398 714 2448 accedit,
745 2400 796 2439 ut
814 2397 1019 2452 Iosephus
1040 2411 1184 2438 secum
1203 2397 1295 2451 ipse
1315 2411 1399 2438 non
1418 2396 1554 2438 ubivis
1576 2397 1827 2439 constiterit.
1887 2397 2022 2448 Quem
2043 2399 2153 2440 enim
2174 2413 2226 2440 ex
2245 2399 2380 2441 Evan-

536 2477 657 2533 geliis
688 2477 738 2518 N.
769 2477 833 2518 T.i
861 2477 1126 2518 notissimum
1155 2474 1468 2534 Καφαρναούμ
1495 2477 1633 2518 vicum
1658 2491 1741 2519 non
1767 2480 1930 2519 mutato
1964 2478 2132 2520 nomine
2165 2478 2211 2519 B.
2238 2479 2275 2520 J.
2304 2479 2379 2531 ΙΙΙ,

539 2559 610 2608 10,
641 2559 676 2598 8.
708 2559 852 2599 vocat.
885 2570 980 2597 eum
1007 2556 1043 2596 (1.
1068 2555 1164 2597 Vita
1186 2570 1217 2597 s.
1240 2556 1274 2608 ξ.
1299 2559 1362 2597 72.
1385 2554 1669 2613 Κεφαρνώμη
1695 2556 1841 2598 maluit
1871 2570 2133 2610 nuncupare;
2166 2563 2292 2618 ποῇ’-1135
2314 2558 2378 2600 Iu-

650 2773 693 2825 4)
713 2775 910 2825 Iosephus
930 2775 975 2814 B.
995 2775 1031 2814 J.
1053 2774 1131 2822 ΙΙΙ,
1155 2775 1191 2821 2,
1217 2776 1254 2813 2.
1274 2775 1486 2814 Idumaeae
1507 2773 1745 2822 urbcculam,
1767 2774 1810 2814 in
1832 2788 1948 2826 quam
1962 2775 2105 2816 Iudaei
2125 2788 2246 2825 prope
2260 2777 2377 2814 Asca·

534 2844 664 2882 Ionem
700 2841 901 2892 profligati
942 2842 1192 2890 confugiunt,
1234 2846 1349 2882 vocat
1387 2837 1554 2886 Σάλλις.
1604 2829 1824 2882 'Praeteriit
1852 2844 2058 2894 hucusque
2086 2842 2197 2882 viros
2226 2843 2374 2891 doctos,

533 2910 762 2949 urbeculam
783 2910 899 2949 istam
920 2923 1006 2950 esse
1027 2904 1165 2967 &¹2:335
1189 2912 1207 2948 l
1233 2910 1336 2949 Sam.
1360 2911 1397 2958 9,
1421 2910 1480 2957 4.,
1513 2909 1597 2949 sive
1618 2908 1801 2961 Σααλεὶμ
1823 2902 1943 2960 κώμη
1967 2909 2009 2950 ἓν
2036 2904 2165 2962 ὁρίοις
2180 2906 2374 2951 Ἐλευθε-

533 2973 739 3028 ροπόλεως
761 2974 865 3029 πρὸς
885 2975 1046 3028 δυσμὰς
1073 2973 1129 3023 ὡς
1155 2974 1234 3016 ἀπὸ
1259 2977 1437 3030 σημείων
1459 2972 1511 3027 ζ’,
1543 2979 1648 3029 apud
1670 2979 1886 3017 Eusebium
1909 2980 2047 3018 Onom.
2075 2990 2112 3028 p.
2138 2979 2214 3016 133
2238 2990 2296 3029 sq.
2317 3000 2373 3007 ——-

530 3047 622 3085 Huc
651 3046 854 3097 pertinent
879 3047 1074 3098 permulta
1101 3048 1261 3085 nomina
1290 3047 1450 3085 urbium
1482 3047 1525 3084 in
1553 3047 1729 3086 Galilaea
1759 3048 1940 3094 sitarum,
1983 3058 2146 3097 quarum
2178 3047 2372 3097 Iosephus

533 3115 679 3164 passim
699 3115 832 3153 iniicit
852 3116 1101 3153 mentionem.
