2921 3716
1325 349 1387 396 15

441 481 591 537 scripti
616 486 707 525 tam
732 483 850 525 varia
877 496 929 525 ac
955 496 1092 538 paene
1119 486 1367 538 portentosa
1396 483 1570 527 tradunt-
1596 483 1788 534 nomina,
1820 486 1870 525 ut
1898 482 2003 525 nihil
2028 481 2188 524 certius
2215 480 2281 532 sit,

440 575 570 615 quam
608 565 657 603 ut
695 561 900 616 genuinae
943 562 1178 617 scripturae
1215 563 1353 605 frusta
1381 566 1548 605 tantum
1587 576 1637 604 ac
1675 566 1872 603 ramenta
1917 561 2282 603 circumferantur.

437 638 561 681 Iuvat
579 639 721 694 igitur,
740 640 784 681 in
803 640 1043 682 revocanda
1061 642 1117 684 ad
1136 642 1359 696 pristinam
1377 641 1666 695 integritatem
1686 641 1898 694 scriptura
1918 654 2091 694 operam
2110 652 2281 693 ponere.

438 717 579 760 Duces
599 718 684 760 sint
703 719 852 772 optimi
869 718 978 762 libri.
1018 719 1108 762 Iam
1130 719 1275 762 Codex
1293 733 1394 762 msc.
1416 718 1712 774 Lugdunensis
1732 718 1838 769 Bat„
1861 733 1985 772 quem
2005 732 2137 772 supra
2155 733 2195 772 Ρ.
2216 720 2278 759 13.

438 795 525 838 dixi
562 795 791 838 lectionum
818 797 1007 838 bonitate
1036 811 1138 851 prae
1164 798 1318 840 ceteris
1346 811 1441 839 esse
1470 798 1690 847 eximium,
1730 811 1808 851 pro
1842 793 2076 838 Τελίθωνα
2101 796 2280 851 praebet

439 871 621 926 Ματαὶ,
651 872 882 917 Λαιθωνά
903 875 1090 927 nomina,
1120 875 1351 930 depravata
1368 875 1557 930 profecto
1578 879 1621 917 et
1639 875 1815 918 mirifice
1836 874 2094 925 deformata,
2133 889 2160 917 a
2179 888 2279 918 vero

434 954 581 995 tamen
600 967 687 995 non
704 956 796 995 tam
814 957 980 997 remota
994 988 1004 1005 ‚
1042 958 1091 997 ut
1121 969 1174 997 ex
1203 954 1256 997 iis
1276 967 1537 1009 nequeamus
1556 968 1667 1008 quae
1685 953 1890 1008 Iosephus
1911 953 2131 1008 scripserit
2151 967 2278 1006 agno-

437 1042 568 1072 scere.
588 1029 699 1074 Nam
712 1035 760 1073 ut
768 1032 916 1087 paucis
929 1032 1080 1085 dicam,
1094 1031 1196 1088 quid
1207 1046 1257 1075 ea
1267 1032 1319 1076 de
1329 1047 1376 1076 re
1385 1032 1578 1085 iudicem,
1600 1032 1691 1075 sine
1702 1032 1827 1075 dubio
1837 1035 1895 1075 M
1900 1032 2054 1082 littera,
2076 1046 2159 1087 qua
2169 1031 2278 1074 ordi-

435 1111 508 1150 tur
520 1106 682 1152 Ματαί
694 1110 955 1163 vocabulum,
974 1112 1161 1166 pertinet
1174 1111 1231 1154 ad
1245 1111 1503 1155 antecedens
1517 1125 1680 1164 nomen,
1701 1111 1762 1154 ita
1780 1115 1829 1154 ut
1848 1112 1975 1154 etiam
1991 1110 2134 1154 Codex
2144 1109 2277 1165 Lugd.

432 1180 659 1245 Ὀρωναΐμ
694 1188 949 1245 scripturam
978 1205 1055 1234 suo
1080 1190 1267 1247 pondere
1295 1194 1452 1247 augeat
1487 1194 1530 1234 et
1565 1190 1841 1234 commendet.
1902 1189 2020 1242 Quae
2050 1192 2278 1246 supersunt

432 1264 602 1309 litterae
634 1266 1090 1314 ΑΤΑΙΛΑΙΘΩΝΑ
1106 1302 1117 1323 ,
1152 1269 1336 1314 librariis
1357 1270 1561 1314 obscurae
1587 1274 1632 1314 et
1657 1270 1714 1314 ab
1733 1269 1880 1314 iisdem
1902 1272 2128 1326 corruptae
2148 1268 2277 1312 male·

435 1358 517 1400 que
542 1345 812 1401 dispertitae,
852 1361 928 1390 eae
957 1348 1200 1391 dividuntur
1227 1351 1430 1393 correctis
1457 1350 1582 1393 simul
1609 1348 1870 1406 corrigendis
1899 1350 1944 1392 in
1976 1348 2060 1392 duo
2080 1347 2275 1391 nomina:

437 1422 705 1472 ΑΓΑΛΛΑ
742 1429 787 1468 et
819 1425 1067 1470 ΑΘΩΝΑ.
1125 1427 1347 1471 Stabilitur
1375 1429 1481 1471 haec
1511 1442 1609 1471 mea
1642 1429 1887 1472 coniectura
1920 1441 1969 1470 re
2002 1426 2108 1482 ipsa.
2166 1425 2277 1468 Nam

435 1526 488 1533 —
511 1503 574 1558 (1)
592 1496 829 1560 ’Ἀγαλλα
856 1505 1054 1560 oppidum
1072 1506 1278 1562 Iosephus
1298 1512 1507 1551 memorat
1524 1510 1620 1551 Ant.
1639 1507 1751 1559 XIV,
1775 1511 1810 1558 1,
1831 1511 1870 1550 4.
1930 1506 2000 1549 Sic
2019 1508 2145 1548 vocat
2164 1503 2278 1547 Moa-

437 1580 609 1623 biticam
629 1580 752 1638 02¹2}ss
772 1596 830 1634 ¹⁸²2
850 1583 921 1626 Ez.
942 1588 1007 1635 47,
1033 1588 1108 1636 lO.,
1129 1585 1253 1648 02¹2?ss
1271 1586 1351 1629 Ies.
1376 1590 1439 1637 15,
1461 1589 1511 1637 8.,
1524 1583 1741 1642 Αἶγαλεὶμ
1762 1583 1915 1641 κώμην
1933 1583 2109 1626 Eusebii
2128 1582 2276 1625 Onom.

435 1671 474 1712 p.
495 1661 573 1711 24„
593 1659 650 1703 ad
667 1664 859 1704 austrum
873 1662 1073 1719 Areopoli
1092 1662 1321 1708 distantem
1339 1669 1435 1708 octo
1454 1664 1678 1721 lapidibus.
1697 1690 1753 1697 —
1774 1663 1839 1721 (2)
1855 1656 2000 1707 ”Aeco
2013 1678 2076 1704 να
2096 1661 2280 1704 recurrit

368 1739 374 1748 “
437 1739 550 1792 apud
569 1738 793 1794 Iosephum
811 1742 911 1783 Ant.
929 1742 955 1783 l.
976 1756 1010 1783 c.
1026 1738 1206 1800 ,Ἀθώνη
1225 1745 1385 1795 forma,
1419 1759 1447 1787 a
1465 1745 1713 1786 Ptolemaeo
1733 1744 1789 1793 V,
1814 1748 1863 1785 17
1875 1776 1885 1793 ,
1907 1747 1945 1785 5.
1979 1742 2106 1785 Θάνα
2125 1745 2276 1784 vocata

435 1822 478 1858 et
506 1832 601 1859 cum
620 1821 761 1860 Zoara
789 1820 951 1871 iuncta,
976 1822 1020 1862 in
1041 1822 1206 1864 Tabula
1225 1823 1557 1878 Peutingeriana
1576 1824 1775 1865 mendose
1802 1825 1981 1863 leorma
2001 1835 2080 1876 pro
2105 1823 2273 1863 Thoana

434 1894 568 1946 dicta,
587 1896 865 1951 probabiliter
884 1899 939 1941 ab
958 1899 1166 1942 hodierna
1185 1896 1286 1938 aste
1305 1903 1485 1945 Bure-kh.
1504 1902 1557 1944 II.
1576 1916 1617 1958 p.
1639 1905 1732 1944 688.
1763 1903 1935 1943 Bobius.
1955 1899 2036 1950 ΠΙ,
2059 1903 2096 1941 2.
2116 1913 2155 1954 p.
2177 1903 2272 1941 860.

433 1988 518 2015 non
537 1974 716 2017 diversa.
728 2002 786 2008 —
799 1978 999 2031 Sequitur
1014 1980 1213 2033 oppidum
1226 2005 1284 2011 —-
1297 1981 1335 2034 f)
1356 1982 1487 2037 Ζᾶρα
1505 1981 1572 2023 vel
1586 1984 1715 2037 Ζαρᾶ
1735 1983 1940 2022 vocatum.
1979 1978 2060 2019 Vix
2080 1978 2272 2031 longiore

435 2065 541 2106 opus
562 2057 677 2095 esset
697 2054 998 2110 disputatione,
1017 2057 1100 2099 nisi
1118 2058 1371 2114 interpretes
1390 2063 1551 2101 rectam
1570 2057 1635 2101 rei
1654 2057 1930 2114 explicandae
1949 2057 2158 2099 rationem
2177 2070 2273 2099 con-

431 2130 691 2173 turbassent.
755 2133 949 2176 G'eseniue
969 2135 1081 2176 enim
1101 2135 1157 2177 ad
1175 2138 1355 2178 Burckla.
1375 2151 1416 2193 p.
1436 2141 1531 2180 501.
1551 2138 1657 2180 satis
1678 2137 1939 2179 confidenter
1957 2139 2188 2187 asseverat,
2208 2136 2273 2178 Io·

344 2219 347 2221 ·
431 2209 607 2265 sephum
622 2212 752 2269 Ζᾶρα
764 2213 939 2255 »nomine
958 2213 1109 2258 urbem
1127 2216 1252 2258 Zora'
1272 2214 1384 2282 (vj)
1404 2216 1450 2260 in
1469 2216 1720 2260 Auranitide
1739 2215 1926 2273 (ῌόνᾶη)
1947 2215 2083 2266 sitam,
2104 2214 2160 2258 ab
2178 2214 2272 2257 aliis

431 2289 545 2333 Ezra
564 2293 771 2343 vocatam,
790 2291 1041 2348 intelligere,
1060 2292 1181 2337 cuius
1199 2294 1447 2338 memoriam
1464 2294 1659 2351 profecto
1678 2294 1735 2339 ad
1751 2293 1984 2338 Ptolemaei
2003 2308 2136 2348 usque
2156 2297 2271 2336 aeta·

431 2371 518 2410 tem
539 2367 731 2412 obtinere
750 2383 986 2426 possumus.
1026 2370 1104 2415 Ille
1119 2372 1231 2416 enim
1244 2373 1400 2417 Zoram
1418 2373 1489 2418 lib.
1502 2374 1553 2427 V,
1577 2378 1640 2427 17,
1664 2368 1851 2432 7.’ᾎδρα
1870 2376 2101 2428 nuncupat,
2121 2365 2270 2415 eodem

431 2445 599 2501 quidem
617 2440 765 2506 ’.Ἀδρα
789 2448 976 2502 nomine,
1015 2463 1100 2505 quo
1137 2449 1209 2495 lib.
1239 2450 1299 2504 V,
1334 2455 1403 2505 15,
1430 2455 1496 2497 23.
1523 2456 1709 2497 veterem
1736 2452 1865 2496 etiam
1897 2465 2024 2513 ’νη-ξιξ
2050 2450 2171 2494 Num.
2202 2453 2269 2501 21,

432 2527 485 2568 33
505 2538 616 2580 sqq.,
654 2526 693 2568 h.
721 2540 757 2569 e·
784 2523 934 2586 &2⁶23
953 2528 1020 2583 ιι)
1040 2528 1180 2572 Abulf.
1197 2544 1237 2586 p.
1259 2533 1374 2582 252„
1413 2531 1558 2574 Edrisi
1585 2546 1625 2588 p.
1650 2537 1734 2585 11.,
1773 2530 1938 2574 Tebrizi
1963 2529 2020 2572 ad
2039 2528 2269 2585 {lamasam

429 2620 469 2662 p.
494 2611 605 2659 177„
645 2612 789 2660 vocat,
831 2609 916 2650 situ
941 2611 1084 2650 tamen
1113 2614 1229 2651 recte
1249 2613 1294 2651 et
1313 2614 1462 2665 aperte
1479 2612 1534 2654 ab
1555 2624 1607 2654 ea
1626 2611 1880 2654 distinctam.
1938 2608 2103 2650 Deinde
2121 2608 2268 2650 inscri-

428 2685 574 2740 ptione
593 2686 637 2728 in
656 2686 773 2729 urbis
793 2686 926 2728 ruinis
947 2699 975 2729 a
995 2686 1205 2730 Seetzem’o
1225 2686 1274 2744 (I.
1284 2701 1325 2744 p.
1337 2688 1432 2745 85.)‚
1461 2690 1610 2734 Ottone
1630 2691 1678 2732 de
1697 2689 1870 2732 Richter
1889 2686 1960 2744 (W
1962 2685 2190 2729 allfahrten
2210 2685 2268 2728 im

429 2764 732 2821 Morgenlande
759 2780 799 2822 p.
820 2765 952 2821 556),
984 2766 1314 2823 Buckinylzamio
1340 2768 1479 2822 (Trav.
1505 2782 1660 2824 among
1689 2767 1763 2811 the
1791 2767 1862 2810 Ar.
1888 2766 1986 2809 trib.
2006 2780 2046 2822 p.
2068 2766 2181 2820 274.)
2203 2778 2268 2807 re-

429 2848 573 2898 perta,
600 2857 628 2886 a
654 2846 827 2889 Geeenio
847 2844 903 2886 ad
923 2844 1104 2886 Burckh.
1124 2857 1164 2900 p.
1187 2849 1299 2898 501„
1326 2848 1527 2891 Franckio
1547 2845 1808 2890 Richtersch.
1828 2844 2079 2888 Inschristen
2097 2857 2138 2900 p.
2162 2847 2268 2894 140.,

431 2926 612 2969 Franzio
638 2925 682 2968 in
701 2925 901 2968 Boecklcii
919 2923 1043 2978 Gorp.
1063 2922 1194 2966 Inscr.
1214 2924 1286 2967 111.
1308 2925 1357 2967 N.
1379 2929 1500 2969 4562.
1514 2961 1524 2978 ,
1559 2927 1715 2970 Krusz’o
1735 2924 1790 2968 ad
1812 2925 1940 2968 Seetz.
1960 2923 2029 2966 IV.
2049 2938 2088 2979 p.
2110 2926 2176 2965 56.
2197 2937 2266 2965 ex·

549 3084 618 3133 ¹¹)
649 3087 817 3126 Diversa
837 3087 1045 3127 confundit
1065 3089 1180 3125 Riteer
1198 3088 1283 3132 XV,
1309 3088 1344 3124 2.
1366 3101 1402 3136 p.
1424 3088 1520 3126 853.
1542 3089 1637 3126 860.
