2921 3716
1431 354 1496 403 10
1558 376 1767 381 ——

653 490 715 532 Ac
743 489 925 545 primum
956 489 1127 545 quidem
1156 488 1347 532 locorum
1383 488 1615 532 diversitas
1646 488 1883 532 certissima
1912 493 2017 535 est..⁸
2047 489 2157 532 Nam
2186 490 2391 545 Iosephus

539 569 630 623 ipse
650 568 697 610 B.
717 567 756 611 J.
776 568 836 619 ΙΙ,
865 573 914 618 4,
948 571 1010 619 2.,
1041 568 1113 611 ubi
1133 568 1311 610 eandem
1331 581 1420 611 rem
1442 571 1612 619 narrat,
1641 567 1855 622 perhibet,
1885 565 1940 610 τὰ
1962 565 2154 625 πλησίον
2169 563 2395 627 Ἰορδάνου

539 643 750 700 βασίλεια
780 645 893 689 κατὰ
925 644 1355 704 Βηθαροὶμαθον
1383 660 1476 689 esse
1507 646 1739 690 combusta.
1796 645 1914 700 Ergo
1941 659 2028 688 non
2057 646 2111 687 de
2139 639 2394 688 Amathunte

542 725 620 767 sed
641 724 693 767 de
713 726 1049 768 Betharamatho
1070 737 1210 767 sermo
1232 728 1307 767 est.
1367 725 1506 776 Quum
1526 729 1672 768 autem
1690 718 2104 781 Βηθ-ἆράμαθον,
2133 714 2249 778 quod
2277 723 2392 767 nullo

542 803 668 846 modo
691 817 788 846 cum
808 805 978 847 Rittero
996 803 1023 844 1.
1045 816 1078 844 c.
1098 804 1141 845 in
1161 802 1550 861 Βηθαρ-άμαθον,
1569 807 1619 846 ut
1636 802 1810 859 propius
1828 802 1885 844 ad
1899 797 2186 855 Ἀμαθοῦντα
2206 802 2395 853 accedat,

543 882 760 924 dissecare
782 881 903 932 licet,
932 880 1178 936 praescindi
1206 880 1376 936 quidem
1407 885 1450 923 et
1478 881 1521 924 in
1536 876 1802 939 ,Ἀραμαθάν
1819 879 1977 922 mutari
1997 882 2063 935 (ut
2082 879 2333 937 Βηθμαοῦς
2352 885 2396 922 et

537 956 767 1014 Ἀμμαοῦς
785 960 913 1002 iuxta·
925 972 972 1001 se
991 959 1133 1014 posita
1151 942 1422 1002 inveniuntur
1441 959 1522 1002 Ios.
1542 959 1581 1002 d.
1602 959 1684 1002 Vit.
1705 959 1742 1014 §-
1766 955 1830 1002 12.
1851 959 1897 1001 Β.
1917 958 1954 1001 J.
1974 957 2044 1009 IV,
2069 962 2104 1009 1,
2126 961 2204 1011 3.),
2223 958 2394 1002 minime

544 1051 644 1080 vero
665 1038 709 1079 in
724 1032 931 1092 Ἀμαθόν
950 1037 1038 1079 sive
1052 1032 1238 1090 ,Ἀμαθά
1257 1037 1438 1080 formam
1459 1039 1553 1094 cogi
1572 1038 1725 1094 possit,
1749 1052 1828 1093 per
1848 1051 1893 1080 se
1911 1041 2106 1094 apertum
2125 1040 2201 1088 est,
2220 1037 2294 1080 illo
2314 1038 2396 1080 An-

540 1117 791 1171 tiquitatum
811 1115 905 1157 loco
926 1113 973 1157 ἐν
987 1110 1211 1169 {Apa-9079
1231 1116 1489 1171 scripturam
1510 1118 1664 1160 mendo
1683 1117 1894 1169 laborare,
1913 1117 1977 1159 ita
1996 1117 2322 1168 resarciendam,
2344 1121 2393 1159 ut

540 1193 586 1238 ἐν
602 1191 887 1253 Ἀραμαθοῖς
905 1195 951 1237 in
970 1194 1196 1237 verborum
1217 1196 1522 1249 consequentia
1542 1200 1735 1250 ponatur.

652 1272 815 1314 Deinde
842 1274 1084 1327 quaeritur,
1120 1272 1193 1314 ubi
1220 1272 1573 1331 Βηθαράμαθον
1600 1273 1704 1315 urbs
1734 1273 1819 1315 sita
1848 1273 2011 1315 fuerit?
2059 1274 2275 1316 Relandue
2304 1273 2330 1315 1.
2361 1288 2395 1316 c.

537 1366 580 1408 p.
598 1355 695 1393 560.
717 1365 814 1393 cum
830 1352 1137 1408 Havercampv‘o
1157 1350 1213 1393 ad
1233 1350 1458 1407 Iosephum
1473 1351 1503 1393 I.
1523 1366 1563 1407 p.
1582 1355 1675 1394 858.
1697 1352 1945 1407 cogitabant
1965 1351 2017 1393 de
2038 1359 2188 1406 mnus„
2209 1352 2396 1407 regionis

546 1429 794 1473 Galadenae
810 1429 1027 1483 vquondam
1047 1430 1203 1483 capite,
1232 1430 1289 1472 ibi
1310 1429 1409 1472 olim
1429 1430 1531 1481 sito,
1558 1431 1632 1474 ubi
1651 1445 1762 1473 nunc
1782 1430 1964 1485 ‹ze-Sale
1983 1430 2214 1476 invenitur.
2240 1434 2289 1472 ut
2307 1431 2394 1473 iam

549 1508 748 1551 Geeew'us
796 1506 852 1549 ad
894 1509 1249 1551 Burckltardtium
1290 1506 1343 1549 II.
1383 1521 1424 1564 p.
1463 1511 1582 1552 1061.
1619 1509 1723 1552 satis
1759 1508 2039 1565 probabiliter
2077 1507 2266 1551 coniecit.
2332 1509 2394 1551 Ac

544 1585 736 1641 profecto
766 1590 918 1641 negari
944 1587 1093 1641 nequit
1105 1621 1115 1638 ,
1145 1585 1371 1641 Iosephum
1390 1588 1577 1631 Ramoth
1603 1588 1750 1631 urbem
1770 1588 1908 1631 solere
1928 1587 2151 1631 simillimis
2171 1591 2247 1630 aut
2263 1581 2396 1644 Ἄρα-

543 1663 698 1717 μαθά,
728 1666 805 1707 aut
817 1658 1061 1723 ’Λραμοῖθη
1083 1664 1139 1720 (h.
1163 1678 1198 1707 e.
1219 1664 1426 1720 singulari
1445 1666 1641 1724 numero)
1661 1666 1756 1708 Ant.
1776 1666 1886 1718 VIII,
1910 1670 1972 1709 15.
1995 1669 2031 1709 3.
2051 1665 2124 1717 IX,
2148 1668 2184 1716 6,
2210 1668 2245 1708 1.
2265 1665 2395 1708 nomi-

542 1741 668 1784 nibus
689 1755 860 1794 vocare,
889 1741 1042 1797 quibus
1063 1756 1147 1785 uno
1167 1741 1262 1786 loco
1282 1743 1379 1784 Ant.
1400 1741 1470 1795 IV,
1493 1747 1531 1796 7,
1551 1747 1590 1787 4.
1610 1744 1776 1787 accedit
1792 1739 2052 1803 Ἀρίμανον,
2082 1747 2230 1798 aperte
2250 1747 2394 1786 tamen

540 1819 812 1871 mendosum,
843 1832 896 1863 ex
913 1814 1185 1878 Ἀρίμαθον,
1215 1820 1298 1863 nisi
1327 1821 1459 1864 mavis
1474 1816 1741 1880 Ἀραμαθάν
1761 1821 1995 1878 corrigere,
2025 1825 2176 1865 ortum.
2235 1820 2394 1864 Nihilo·

540 1899 679 1942 minus
698 1902 844 1942 tamen
862 1898 970 1942 haec
988 1899 1159 1942 nonnisi
1179 1903 1401 1942 externam
1425 1900 1662 1952 nominum,
1701 1891 1853 1956 graece
1877 1899 2196 1944 efformatorum
2220 1899 2393 1950 scilicet.

542 1977 728 2034 speciem
757 1990 1023 2021 communem
1050 1976 1222 2022 habent.
1279 1977 1391 2021 Nam
1427 1986 1559 2036 nien}
1590 1973 1864 2037 (Ἀραμαθά)
1902 1978 1945 2021 in
1980 1977 2186 2022 montium
2216 1977 2395 2021 Galade·

542 2069 695 2100 norum
712 2057 812 2113 iugo
832 2057 953 2108 sitae,
973 2055 1098 2113 longe
1117 2057 1299 2101 aberant
1319 2057 1374 2101 ab
1393 2057 1590 2101 Iordanis
1610 2057 1734 2111 valle,
1753 2058 1798 2101 in
1817 2071 1903 2114 qua
1912 2055 2265 2116 Βηθαρᾰμαθον
2282 2061 2393 2100 teste

542 2135 725 2192 Iosepbo
744 2135 771 2180 l.
792 2150 826 2179 c.
849 2133 1041 2195 πλησίον
1056 2131 1282 2196 Ἰορδάνου
1300 2136 1606 2180 inveniebatur.
1661 2136 1744 2182 Sed
1763 2140 1813 2180 ut
1830 2137 1977 2194 paucis
1998 2135 2158 2190 dicam,
2179 2135 2282 2193 quid
2302 2150 2394 2180 sen·

542 2215 661 2267 tiam,
682 2228 752 2258 res
771 2215 868 2272 ipsa
887 2214 1006 2258 nulla
1024 2214 1191 2258 laborat
1211 2215 1470 2259 difficultate.
1528 2217 1639 2259 Nam
1658 2213 2013 2275 Βηθαράμαθον
2032 2229 2084 2259 ex
2103 2229 2202 2260 asse
2221 2229 2394 2272 respon·

543 2294 616 2337 det
634 2294 823 2338 hebraeo
843 2293 1004 2338 nomini
1024 2305 1105 2350 σῃ
1127 2307 1203 2344 ψει,
1214 2327 1224 2345 ,
1255 2308 1337 2349 quo
1357 2295 1507 2338 urbem
1526 2295 1736 2339 vocabant
1755 2309 1922 2347 earum,
1952 2308 2062 2350 quae
2084 2294 2180 2338 Gad
2199 2295 2330 2338 tribui
2349 2295 2393 2338 in

541 2371 737 2417 Iordanis
767 2372 877 2417 valle
907 2372 1285 2416 committebantur
1299 2407 1309 2426 ,
1346 2373 1391 2416 in
1419 2373 1639 2418 meridiem
1667 2387 1813 2417 versus
1843 2377 2077 2417 extremam
2105 2372 2187 2418 Ios.
2222 2377 2273 2417 13
2286 2408 2296 2426 ,
2327 2376 2393 2417 27.

543 2451 666 2494 Num.
700 2454 773 2504 32,
815 2455 880 2496 36.
919 2451 1020 2508 (vid.
1048 2464 1179 2507 supra
1211 2465 1252 2506 p.
1284 2452 1364 2507 8.),
1403 2465 1489 2495 non
1517 2451 1696 2495 multum
1723 2455 1813 2495 tam
1840 2451 1895 2495 ab
1919 2446 2086 2508 Ἄβιλα
2114 2451 2195 2495 Ios
2215 2451 2263 2494 B.
2282 2451 2321 2495 J.
2341 2451 2394 2505 H,

547 2532 610 2582 13,
632 2533 670 2573 2.
691 2529 762 2583 IV,
784 2534 822 2582 7,
845 2533 896 2583 6.‚
916 2530 957 2573 h.
979 2544 1014 2573 e.
1035 2541 1060 2571 tn
1079 2534 1146 2583 ῃ·
1164 2528 1247 2588 ''³2¹ss
1266 2530 1389 2573 Num.
1413 2533 1479 2582 33,
1500 2533 1566 2574 48.
1589 2533 1656 2583 25,
1681 2533 1714 2573 1.
1735 2529 1815 2573 Ios.
1837 2532 1876 2582 2,
1898 2534 1953 2582 1.,
1974 2543 2102 2586 quam
2121 2543 2149 2573 a
2167 2529 2394 2589 Βησιμώθ

544 2607 625 2652 Ios.
645 2609 693 2652 B.
713 2608 751 2652 J.
772 2608 843 2662 IV,
865 2612 902 2661 7,
923 2613 974 2661 6.,
993 2608 1034 2652 h.
1056 2622 1092 2653 e.
1111 2616 1290 2670 Μυῆιέζζι
1311 2597 1388 2661 'nug
1409 2608 1532 2652 Num.
1553 2612 1618 2662 33,
1639 2612 1706 2653 49.
1726 2609 1806 2652 Ios.
1832 2612 1896 2663 12,
1917 2612 1955 2653 3.
1980 2612 2043 2662 13,
2064 2611 2130 2652 20.
2150 2608 2392 2653 distantem.

547 2688 673 2730 Teste
693 2689 876 2731 Eusebio
898 2688 1045 2731 Onom.
1066 2702 1106 2744 p.
1126 2691 1191 2731 39.
1211 2689 1361 2731 eadem
1381 2687 1507 2747 παρὰ
1529 2686 1710 2747 Συρίοις
1728 2688 1962 2732 vocabatur
1975 2684 2294 2748 Βηθραμφθᾶ,
2314 2699 2392 2730 nec

543 2767 678 2810 solum
699 2767 814 2823 apud
833 2767 1062 2824 Iosephum
1075 2768 1172 2810 Ant.
1189 2767 1342 2820 XVIII,
1364 2769 1403 2820 2,
1428 2770 1462 2810 1.
1483 2763 1820 2827 Βηθαραμφθᾰ
1839 2767 2035 2820 recurrit,
2055 2767 2132 2810 sed
2153 2766 2283 2810 etiam
2298 2766 2393 2810 Tal-

542 2848 709 2889 mudico
741 2848 948 2904 scriptore
979 2849 1094 2904 apud
1123 2850 1362 2891 Rata-ndum
1390 2863 1431 2904 p.
1460 2852 1554 2891 308.
1585 2847 1829 2899 edocemur,
1860 2860 1941 2905 :12,-¹,
1962 2862 2036 2900 wa
2056 2848 2204 2891 urbem
2223 2847 2391 2889 Veteris

543 2927 805 2970 Testamenti
833 2942 860 2970 a
890 2928 1121 2971 serioribus
1152 2942 1267 2970 unm
1295 2940 1368 2971 tva
1399 2930 1684 2982 nuncupatam
1714 2941 1820 2969 esse.
1877 2927 1959 2970 Hic
1988 2928 2119 2983 igitur
2148 2941 2233 2970 non
2259 2927 2390 2968 Ama-

543 3009 685 3050 tlnente
703 3005 869 3063 palatia
889 3012 1014 3049 erant
1033 3007 1240 3050 seditione
1261 3011 1443 3049 vastata.

654 3087 885 3129 Praeterea
905 3085 1109 3140 Iosephus
1129 3087 1223 3128 Ant.
1244 3086 1394 3137 XVIII,
1417 3089 1455 3137 2,
1481 3090 1514 3128 1.
1535 3087 1657 3129 testis
1679 3089 1758 3137 est,
1778 3086 1992 3130 Herodem
2012 3086 2210 3140 Antipam
2230 3086 2390 3127 Betha-
