2921 3716
1321 346 1381 395 11
1455 368 1672 374 --—--

438 480 658 537 ramplztlza
677 479 828 522 urbem
846 480 1066 523 moenibus
1086 479 1270 522 cinctam
1289 480 1334 522 in
1352 478 1555 522 honorem
1575 479 1739 533 Liviae,
1766 480 1964 525 Caesaris
1984 480 2166 537 Augusti
2186 494 2281 524 con·

435 557 566 613 iugis,
595 558 887 614 appellavisse.
945 558 1015 601 Sic
1043 559 1230 602 extincto
1249 558 1489 614 antiquiore
1508 558 1677 601 nomine
1697 573 1775 603 suo
1794 560 1897 603 urbs
1916 559 2185 616 postmodum
2205 563 2281 602 aut

434 635 606 688 Λίβιός
633 636 864 691 (Λειβιάς)
894 641 969 679 aut
994 632 1182 687 Ἰουλιάς
1209 636 1453 679 vocabatur.
1510 636 1619 678 Nam
1648 637 1773 680 Livia
1802 641 2062 680 testamento
2092 637 2281 680 defuncti

432 712 701 770 imperatoris
721 714 903 770 Augusti
920 715 965 757 in
983 714 1186 757 familiam
1204 713 1358 757 Iuliam
1375 700 1597 770 assumpta
1617 716 1730 758 Iulia
1750 716 2069 768 nominabatur,
2088 715 2279 772 plerique

432 795 617 848 patrum,
635 806 713 849 pro
734 806 797 845 ea,
817 807 903 848 qua
923 796 1047 836 erant
1065 793 1109 836 in
1120 793 1358 848 Augustam
1376 792 1631 845 adulatione,
1651 796 1700 837 ut
1719 793 1879 838 Tiberii
1900 794 2098 839 Caesaris
2118 793 2276 837 nomini

432 870 719 915 ascriberetur
737 872 912 923 „Iuliae
920 872 1076 928 μίαν*
1095 871 1350 924 censebant,
1380 871 1479 914 Tac.
1499 872 1605 914 Ann.
1626 871 1665 924 1,
1687 875 1724 914 8.
1748 876 1811 915 14.
1868 874 2007 926 Quam
2036 873 2091 917 ob
2115 887 2206 916 rem
2234 872 2279 916 in

430 950 612 993 nummis
639 949 895 993 Iudaeorum
923 949 1023 993 inde
1053 950 1110 994 ab
1138 962 1251 993 anno
1280 949 1438 993 Tiberii
1466 950 1603 1006 primo
1631 964 1766 1006 usque
1795 951 1851 994 ad
1880 967 2039 996 annum
2068 950 2278 995 decimum

431 1032 620 1081 sextum,
650 1043 735 1085 quo
764 1029 853 1073 vita
879 1028 1062 1073 decessit
1081 1029 1222 1081 Livia,
1252 1028 1502 1084 imperatrix
1520 1033 1658 1073 mater
1678 1030 1844 1074 nonnisi
1861 1025 2025 1074 Ἰουλία
2045 1036 2198 1079 vocata
2217 1031 2277 1073 in—

430 1107 598 1151 venitur
617 1107 716 1165 (vid.
742 1107 951 1152 Cavedom’
966 1107 1180 1152 Biblische
1199 1107 1502 1160 Numismatik,
1523 1108 1665 1152 iibers.
1686 1123 1767 1152 von
1789 1111 1841 1152 A.
1864 1125 1897 1152 v.
1929 1111 2130 1166 Werllzof,
2156 1113 2275 1153 1855.

429 1201 470 1243 p.
499 1191 550 1231 65
582 1188 662 1243 sq.)
692 1192 735 1231 et
762 1188 856 1244 pari
885 1188 1011 1232 modo
1035 1187 1241 1244 Iosephus
1270 1202 1356 1231 non
1384 1188 1521 1232 solum
1547 1188 1861 1243 imperatricem
1890 1202 2060 1243 semper
2086 1183 2275 1231 Ἰουλίαν

428 1266 524 1309 Ant.
544 1265 655 1317 XVI,
676 1270 714 1319 5,
739 1270 773 1309 l.
799 1265 931 1318 XVII,
955 1270 991 1318 l,
1015 1269 1050 1309 1.
1080 1269 1118 1316 6,
1143 1269 1176 1309 1.
1206 1268 1244 1317 8,
1270 1270 1304 1309 l.
1331 1265 1378 1309 B.
1397 1265 1435 1324 J.
1456 1265 1488 1317 I,
1509 1268 1576 1318 28,
1599 1269 1635 1309 6.
1668 1269 1734 1317 32,
1757 1270 1794 1309 7.
1823 1269 1887 1318 33,
1910 1269 1968 1318 8.,
1999 1267 2096 1309 Ant.
2116 1264 2271 1312 XVIII.

429 1348 468 1396 2,
489 1348 526 1387 2.
556 1345 603 1387 Β.
622 1344 660 1387 J.
681 1344 732 1396 11,
753 1348 792 1396 9,
815 1348 872 1397 1.,
903 1344 979 1387 scd
999 1344 1128 1387 etiam
1145 1344 1313 1395 urbem,
1342 1358 1452 1399 quae
1478 1344 1534 1387 ab
1562 1358 1614 1387 ea
1643 1358 1798 1387 nomen
1817 1345 2025 1396 habebat,
2051 1340 2274 1387 Ἰουλιάδα

427 1424 522 1464 Ant.
543 1423 692 1474 XVIII,
714 1427 751 1473 2,
776 1428 811 1465 1.
841 1423 933 1474 XX,
956 1426 994 1474 8,
1015 1428 1053 1465 4.
1083 1424 1131 1465 Β.
1151 1423 1189 1465 J.
1208 1423 1262 1473 II,
1287 1427 1350 1472 13,
1372 1427 1409 1464 2.
1438 1423 1514 1469 IV,
1536 1428 1581 1472 7,
1602 1427 1662 1472 6.,
1691 1423 1838 1466 addito
1867 1425 1947 1479 τῆς
1977 1420 2183 1480 Περαίας
2210 1421 2276 1463 vel

426 1499 539 1543 κατὰ
568 1499 648 1558 τὴν
671 1498 877 1560 Περαίαν
907 1500 964 1544 ab
989 1501 1212 1552 notissima
1234 1500 1374 1544 altera
1401 1500 1447 1544 in
1474 1500 1679 1544 honorem
1699 1501 1878 1558 Augusti
1906 1501 2019 1544 filiae
2038 1504 2190 1543 vocata
2209 1498 2275 1542 Iu-

425 1578 539 1621 liade
560 1579 826 1630 distinctam,
855 1567 1100 1635 nuncupare
1131 1579 1293 1622 maluit.
1352 1579 1481 1621 Certe
1500 1576 1677 1633 Λιβιᾶς
1696 1594 1850 1622 110111811
1870 1580 2002 1623 semel
2021 1583 2187 1622 tantum
2206 1592 2274 1621 oc-

429 1657 564 1700 currit
581 1657 696 1713 apud
709 1657 934 1713 Iosephum
947 1658 1043 1701 Ant.
1058 1657 1168 1710 XIV,
1187 1662 1223 1710 1,
1236 1661 1287 1710 4.‚
1307 1657 1391 1701 nisi
1409 1657 1511 1700 licet
1528 1657 1747 1710 coniicere,
1766 1658 1811 1701 in
1824 1657 1994 1712 Λέμβα
2008 1656 2121 1708 XIII,
2140 1660 2204 1708 15,
2220 1661 2272 1708 4.,

425 1735 540 1790 quod
558 1749 682 1779 nemo
711 1735 846 1787 novit,
875 1735 1079 1780 vocabulo
1099 1735 1377 1791 depravatum
1394 1731 1593 1790 Λειβιάς
1610 1749 1763 1779 110111811
1781 1735 1928 1779 latere.
1984 1735 2182 1778 Attamen
2200 1734 2270 1778 hic

427 1813 575 1857 urbem
597 1812 862 1870 significandi
880 1827 993 1867 mos,
1014 1817 1063 1857 ut
1082 1812 1271 1867 videtur,
1301 1813 1431 1857 certis
1451 1803 1703 1870 quibusdam
1722 1813 2000 1869 scriptoribus
2019 1812 2154 1869 magis
2173 1827 2268 1868 pro-

422 1892 541 1947 prius
555 1926 565 1945 ,
595 1905 723 1948 quam
748 1906 831 1935 usu
849 1895 893 1935 et
911 1892 1215 1936 consuetudine
1234 1895 1433 1947 receptus
1447 1926 1457 1944 ,
1485 1905 1585 1935 mox
1604 1891 1797 1936 exolevit.
1854 1892 1964 1935 Nam
1985 1891 2139 1935 Strabo
2158 1890 2267 1934 XVI.

421 1986 462 2027 p.
485 1975 601 2022 763.,
631 1971 792 2017 Plinius
822 1970 873 2014 N.
903 1970 956 2014 H.
984 1970 1106 2023 XIH,
1135 1974 1196 2024 9.,
1236 1970 1506 2014 Ptolemaeus
1531 1970 1588 2024 V,
1619 1975 1689 2023 16,
1716 1974 1778 2023 9.,
1812 1971 2021 2014 Eusebius
2049 1970 2198 2014 Onom.
2226 1984 2267 2026 p.

425 2052 492 2093 38.
515 2053 579 2093 39.
602 2049 758 2106 aliique
778 2064 922 2093 rerum
941 2050 1272 2093 christianarum
1293 2050 1545 2106 scriptores,
1580 2064 1762 2106 quorum
1787 2050 2031 2094 testim0nia
2057 2050 2271 2105 congessit

422 2130 638 2173 Relandue
656 2144 696 2185 p.
718 2132 802 2173 874
823 2143 898 2184 sq„
917 2129 1067 2173 urbem
1085 2129 1253 2173 nonnisi
1267 2126 1445 2183 Λιβιάς
1464 2133 1658 2173 vocatam
1677 2135 1845 2174 norunt.

540 2207 624 2251 Sed
645 2207 774 2251 etiam
788 2207 932 2251 Liviae
952 2207 1139 2251 extincta
1159 2211 1225 2251 est
1244 2208 1461 2252 memoria.
1504 2207 1647 2252 Livias
1668 2209 1780 2251 enim
1798 2209 1920 2261 urbs,
1948 2208 2119 2264 palatiis
2137 2207 2267 2262 regiis

422 2285 636 2342 quondam
657 2290 702 2329 et
720 2286 949 2344 episcopali
968 2286 1149 2330 ecclesia
1166 2286 1347 2330 illustris
1361 2320 1372 2338 ,
1400 2289 1450 2330 ut
1477 2300 1625 2331 omnes
1652 2286 1841 2330 relicuae
1861 2286 1990 2330 urbes
2011 2286 2055 2329 in
2074 2285 2266 2330 Iordanis

421 2365 531 2409 valle
560 2365 669 2409 sitae
699 2365 801 2409 olim
828 2364 1029 2409 florentes
1065 2369 1111 2409 et
1147 2365 1370 2421 copiosae,
1408 2369 1580 2409 vastata
1607 2380 1721 2409 nunc
1748 2366 1872 2409 iacet.
1930 2364 2264 2408 Praeteritorum

422 2447 565 2487 tamen
610 2446 848 2499 temporum
894 2443 1141 2487 memoriam
1186 2444 1345 2488 rudera
1389 2443 1577 2495 nomine,
1626 2457 1711 2499 quo
1759 2448 1982 2494 vocantur,
2032 2444 2265 2485 servarunt.

422 2521 535 2566 Nam
554 2521 727 2566 dubium
748 2535 842 2566 esse
867 2522 1034 2577 nequit,
1074 2523 1177 2578 quin
1195 2521 1499 2582 Beiram—(8³32)
1523 2522 1693 2573 ruinae,
1733 2536 1838 2576 quas
1862 2521 2191 2565 Burclclzardtius
2211 2519 2263 2562 II.

422 2614 463 2657 p.
492 2603 586 2645 661.
624 2604 855 2655 memorat,
896 2604 986 2646 tam
1025 2600 1110 2646 situ
1149 2615 1276 2658 quam
1313 2600 1405 2658 ipso
1444 2600 1613 2644 nomine
1644 2600 1891 2644 conveniant
1919 2613 2014 2643 cum
2041 2611 2122 2658 ειῃπγ
2149 2597 2262 2654 (ti-021)

422 2678 591 2723 Veteris
613 2678 885 2723 Testamenti.
