<?xml version="1.0" encoding="UTF-8"?>
<!DOCTYPE html PUBLIC "-//W3C//DTD XHTML 1.0 Transitional//EN"
    "http://www.w3.org/TR/xhtml1/DTD/xhtml1-transitional.dtd">
<html xmlns="http://www.w3.org/1999/xhtml" xml:lang="en" lang="en">
 <head>
  <title>
</title>
<meta http-equiv="Content-Type" content="text/html;charset=utf-8" />
  <meta name='ocr-system' content='tesseract 3.04.00' />
  <meta name='ocr-capabilities' content='ocr_page ocr_carea ocr_par ocr_line ocrx_word'/>
</head>
<body>
  <div class='ocr_page' id='page_1' title='image "4767284_0018.png"; bbox 0 0 2921 3716; ppageno 0'>
   <div class='ocr_carea' id='block_1_1' title="bbox 1156 386 1359 392">
    <p class='ocr_par' dir='ltr' id='par_1_1' title="bbox 1156 386 1359 392">
     <span class='ocr_line' id='line_1_1' title="bbox 1156 386 1359 392; baseline 0 0"><span class='ocrx_word' id='word_1_1' title='bbox 1156 386 1359 392; x_wconf 95' lang='lat' dir='ltr'> </span> 
     </span>
    </p>
   </div>
   <div class='ocr_carea' id='block_1_2' title="bbox 1563 387 1763 391">
    <p class='ocr_par' dir='ltr' id='par_1_2' title="bbox 1563 387 1763 391">
     <span class='ocr_line' id='line_1_2' title="bbox 1563 387 1763 391; baseline 0 0"><span class='ocrx_word' id='word_1_2' title='bbox 1563 387 1763 391; x_wconf 95' lang='lat' dir='ltr'> </span> 
     </span>
    </p>
   </div>
   <div class='ocr_carea' id='block_1_3' title="bbox 1427 363 1490 443">
    <p class='ocr_par' dir='ltr' id='par_1_3' title="bbox 1427 363 1490 443">
     <span class='ocr_line' id='line_1_3' title="bbox 1427 363 1490 443; baseline 0 0"><span class='ocrx_word' id='word_1_3' title='bbox 1427 363 1490 443; x_wconf 72' lang='lat'>12</span> 
     </span>
    </p>
   </div>
   <div class='ocr_carea' id='block_1_4' title="bbox 1161 579 1789 755">
    <p class='ocr_par' dir='ltr' id='par_1_4' title="bbox 1161 579 1789 755">
     <span class='ocr_line' id='line_1_4' title="bbox 1288 579 1629 642; baseline 0 -10"><span class='ocrx_word' id='word_1_4' title='bbox 1288 579 1525 642; x_wconf 73' lang='lat' dir='ltr'><strong>Quaestio</strong></span> <span class='ocrx_word' id='word_1_5' title='bbox 1565 579 1629 632; x_wconf 89' lang='grc' dir='ltr'>ΙΙ.</span> 
     </span>
     <span class='ocr_line' id='line_1_5' title="bbox 1161 669 1789 755; baseline 0 -9"><span class='ocrx_word' id='word_1_6' title='bbox 1161 706 1257 746; x_wconf 72' lang='lat' dir='ltr'>Ion.</span> <span class='ocrx_word' id='word_1_7' title='bbox 1290 707 1406 747; x_wconf 78' lang='lat' dir='ltr'>Ant.</span> <span class='ocrx_word' id='word_1_8' title='bbox 1438 706 1575 755; x_wconf 67' lang='lat' dir='ltr'>xm,</span> <span class='ocrx_word' id='word_1_9' title='bbox 1604 707 1674 753; x_wconf 74' lang='grc'>16,</span> <span class='ocrx_word' id='word_1_10' title='bbox 1707 669 1748 746; x_wconf 86' lang='lat'>4.</span> <span class='ocrx_word' id='word_1_11' title='bbox 1784 669 1789 674; x_wconf 79' lang='lat'><strong>·</strong></span> 
     </span>
    </p>
   </div>
   <div class='ocr_carea' id='block_1_5' title="bbox 528 819 2382 1036">
    <p class='ocr_par' dir='ltr' id='par_1_5' title="bbox 528 819 2382 1036">
     <span class='ocr_line' id='line_1_6' title="bbox 647 819 2382 879; baseline 0.002 -16"><span class='ocrx_word' id='word_1_12' title='bbox 647 819 790 864; x_wconf 87' lang='lat' dir='ltr'>Rebus</span> <span class='ocrx_word' id='word_1_13' title='bbox 828 821 883 864; x_wconf 91' lang='lat' dir='ltr'>ab</span> <span class='ocrx_word' id='word_1_14' title='bbox 917 821 1159 865; x_wconf 86' lang='lat' dir='ltr'>Alexandro</span> <span class='ocrx_word' id='word_1_15' title='bbox 1192 821 1378 865; x_wconf 87' lang='lat' dir='ltr'>Iannaeo</span> <span class='ocrx_word' id='word_1_16' title='bbox 1412 821 1593 865; x_wconf 83' lang='lat' dir='ltr'>feliciter</span> <span class='ocrx_word' id='word_1_17' title='bbox 1629 820 1759 879; x_wconf 88' lang='lat' dir='ltr'>gestis</span> <span class='ocrx_word' id='word_1_18' title='bbox 1798 820 1954 874; x_wconf 83' lang='lat' dir='ltr'>evenit,</span> <span class='ocrx_word' id='word_1_19' title='bbox 2000 824 2049 864; x_wconf 88' lang='lat' dir='ltr'>ut</span> <span class='ocrx_word' id='word_1_20' title='bbox 2085 820 2234 878; x_wconf 85' lang='lat' dir='ltr'>Iudaei</span> <span class='ocrx_word' id='word_1_21' title='bbox 2266 821 2382 866; x_wconf 90' lang='lat' dir='ltr'>haud</span> 
     </span>
     <span class='ocr_line' id='line_1_7' title="bbox 531 900 2382 965; baseline 0.002 -24"><span class='ocrx_word' id='word_1_22' title='bbox 531 900 729 954; x_wconf 88' lang='lat' dir='ltr'>exiguam</span> <span class='ocrx_word' id='word_1_23' title='bbox 748 905 914 956; x_wconf 84' lang='lat' dir='ltr'>partem</span> <span class='ocrx_word' id='word_1_24' title='bbox 934 901 1145 949; x_wconf 87' lang='lat' dir='ltr'>locorum,</span> <span class='ocrx_word' id='word_1_25' title='bbox 1166 915 1272 956; x_wconf 91' lang='lat' dir='ltr'>quos</span> <span class='ocrx_word' id='word_1_26' title='bbox 1294 902 1394 945; x_wconf 84' lang='lat' dir='ltr'>olim</span> <span class='ocrx_word' id='word_1_27' title='bbox 1414 906 1561 957; x_wconf 90' lang='lat' dir='ltr'>patres</span> <span class='ocrx_word' id='word_1_28' title='bbox 1581 901 1880 965; x_wconf 82' lang='lat' dir='ltr'>possederant,</span> <span class='ocrx_word' id='word_1_29' title='bbox 1902 900 1981 943; x_wconf 89' lang='lat' dir='ltr'>sub</span> <span class='ocrx_word' id='word_1_30' title='bbox 2001 914 2121 944; x_wconf 90' lang='lat' dir='ltr'>suam</span> <span class='ocrx_word' id='word_1_31' title='bbox 2139 901 2382 957; x_wconf 81' lang='lat' dir='ltr'>redigerent</span> 
     </span>
     <span class='ocr_line' id='line_1_8' title="bbox 528 971 2206 1036; baseline 0.001 -15"><span class='ocrx_word' id='word_1_32' title='bbox 528 982 800 1032; x_wconf 85' lang='lat' dir='ltr'>potestatem.</span> <span class='ocrx_word' id='word_1_33' title='bbox 853 979 1030 1022; x_wconf 84' lang='lat' dir='ltr'>Potiora</span> <span class='ocrx_word' id='word_1_34' title='bbox 1049 979 1253 1034; x_wconf 82' lang='lat' dir='ltr'>Iosephus</span> <span class='ocrx_word' id='word_1_35' title='bbox 1273 971 1367 1023; x_wconf 90' lang='lat' dir='ltr'>loco</span> <span class='ocrx_word' id='word_1_36' title='bbox 1388 994 1518 1036; x_wconf 88' lang='lat' dir='ltr'>supra</span> <span class='ocrx_word' id='word_1_37' title='bbox 1539 980 1724 1025; x_wconf 88' lang='lat' dir='ltr'>excitato</span> <span class='ocrx_word' id='word_1_38' title='bbox 1744 983 1944 1033; x_wconf 37' lang='lat' dir='ltr'>recenset·</span> <span class='ocrx_word' id='word_1_39' title='bbox 1957 979 2027 1031; x_wconf 40' lang='lat' dir='ltr'>his,</span> <span class='ocrx_word' id='word_1_40' title='bbox 2043 979 2206 1022; x_wconf 82' lang='lat' dir='ltr'>verbis:</span> 
     </span>
    </p>
   </div>
   <div class='ocr_carea' id='block_1_6' title="bbox 518 1073 2380 1607">
    <p class='ocr_par' dir='ltr' id='par_1_6' title="bbox 518 1073 2380 1606">
     <span class='ocr_line' id='line_1_9' title="bbox 646 1073 2374 1138; baseline 0.002 -17"><span class='ocrx_word' id='word_1_41' title='bbox 646 1079 773 1122; x_wconf 83' lang='grc' dir='ltr'><strong><em>Κατὰ</em></strong></span> <span class='ocrx_word' id='word_1_42' title='bbox 794 1079 951 1121; x_wconf 79' lang='grc' dir='ltr'><strong><em>τοῦτον</em></strong></span> <span class='ocrx_word' id='word_1_43' title='bbox 971 1078 1021 1122; x_wconf 79' lang='grc' dir='ltr'>δὲ</span> <span class='ocrx_word' id='word_1_44' title='bbox 1040 1078 1118 1122; x_wconf 76' lang='grc' dir='ltr'>τὸν</span> <span class='ocrx_word' id='word_1_45' title='bbox 1138 1079 1297 1137; x_wconf 81' lang='grc' dir='ltr'><strong><em>καιρὸν</em></strong></span> <span class='ocrx_word' id='word_1_46' title='bbox 1317 1073 1400 1138; x_wconf 74' lang='grc' dir='ltr'>ἤδη</span> <span class='ocrx_word' id='word_1_47' title='bbox 1421 1082 1510 1123; x_wconf 79' lang='grc' dir='ltr'>τιόν</span> <span class='ocrx_word' id='word_1_48' title='bbox 1525 1077 1679 1137; x_wconf 80' lang='grc' dir='ltr'><em>Σύρων</em></span> <span class='ocrx_word' id='word_1_49' title='bbox 1697 1078 1772 1123; x_wconf 79' lang='grc' dir='ltr'><strong><em>καὶ</em></strong></span> <span class='ocrx_word' id='word_1_50' title='bbox 1786 1075 2046 1134; x_wconf 77' lang='grc' dir='ltr'><strong><em>Ἰδουμαίων</em></strong></span> <span class='ocrx_word' id='word_1_51' title='bbox 2060 1079 2136 1125; x_wconf 81' lang='grc' dir='ltr'><strong><em>καὶ</em></strong></span> <span class='ocrx_word' id='word_1_52' title='bbox 2156 1079 2374 1125; x_wconf 85' lang='grc' dir='ltr'><strong><em>Φοινίκων</em></strong></span> 
     </span>
     <span class='ocr_line' id='line_1_10' title="bbox 530 1144 2380 1218; baseline 0 -19"><span class='ocrx_word' id='word_1_53' title='bbox 530 1153 687 1207; x_wconf 81' lang='grc' dir='ltr'><strong><em>πόλεις</em></strong></span> <span class='ocrx_word' id='word_1_54' title='bbox 707 1150 826 1210; x_wconf 80' lang='grc' dir='ltr'><strong><em>εἶχον</em></strong></span> <span class='ocrx_word' id='word_1_55' title='bbox 845 1152 887 1198; x_wconf 76' lang='lat' dir='ltr'>ot</span> <span class='ocrx_word' id='word_1_56' title='bbox 905 1144 1135 1218; x_wconf 66' lang='grc' dir='ltr'><strong><em>Ἰουδαῖοί,</em></strong></span> <span class='ocrx_word' id='word_1_57' title='bbox 1163 1146 1287 1215; x_wconf 71' lang='grc' dir='ltr'>πρὸς</span> <span class='ocrx_word' id='word_1_58' title='bbox 1313 1157 1526 1216; x_wconf 72' lang='grc' dir='ltr'><strong><em>θαλάσσῃ</em></strong></span> <span class='ocrx_word' id='word_1_59' title='bbox 1545 1156 1629 1211; x_wconf 73' lang='grc' dir='ltr'>μὲν</span> <span class='ocrx_word' id='word_1_60' title='bbox 1647 1156 1908 1216; x_wconf 78' lang='grc' dir='ltr'><strong><em>Στράτωνος</em></strong></span> <span class='ocrx_word' id='word_1_61' title='bbox 1929 1147 2116 1216; x_wconf 65' lang='grc' dir='ltr'><strong><em>πύργον,</em></strong></span> <span class='ocrx_word' id='word_1_62' title='bbox 2147 1154 2380 1206; x_wconf 76' lang='grc' dir='ltr'><strong><em>Ἀπολλω-</em></strong></span> 
     </span>
     <span class='ocr_line' id='line_1_11' title="bbox 518 1228 2380 1298; baseline 0.003 -22"><span class='ocrx_word' id='word_1_63' title='bbox 518 1230 639 1298; x_wconf 80' lang='grc' dir='ltr'><strong><em>νίαν,</em></strong></span> <span class='ocrx_word' id='word_1_64' title='bbox 660 1228 1289 1292; x_wconf 65' lang='grc' dir='ltr'><strong><em>Ἰόπην,”Ιάμνειαν,Ἄζωτον,</em></strong></span> <span class='ocrx_word' id='word_1_65' title='bbox 1315 1233 1473 1288; x_wconf 82' lang='grc' dir='ltr'><strong><em>Γάζαν,</em></strong></span> <span class='ocrx_word' id='word_1_66' title='bbox 1492 1230 1758 1294; x_wconf 74' lang='grc' dir='ltr'><strong><em>Ἀνθηδόνα,</em></strong></span> <span class='ocrx_word' id='word_1_67' title='bbox 1775 1231 1975 1294; x_wconf 80' lang='grc' dir='ltr'><strong><em>Ῥαφίαν,</em></strong></span> <span class='ocrx_word' id='word_1_68' title='bbox 1993 1232 2356 1296; x_wconf 79' lang='grc' dir='ltr'><strong><em>Ῥινοκούρουραν</em></strong></span> <span class='ocrx_word' id='word_1_69' title='bbox 2370 1252 2380 1262; x_wconf 94' lang='grc'>·</span> 
     </span>
     <span class='ocr_line' id='line_1_12' title="bbox 529 1298 2380 1372; baseline 0.003 -18"><span class='ocrx_word' id='word_1_70' title='bbox 529 1311 575 1354; x_wconf 80' lang='grc' dir='ltr'>ἑν</span> <span class='ocrx_word' id='word_1_71' title='bbox 596 1311 646 1354; x_wconf 80' lang='grc' dir='ltr'>δὲ</span> <span class='ocrx_word' id='word_1_72' title='bbox 667 1313 723 1369; x_wconf 73' lang='grc' dir='ltr'>τῇ</span> <span class='ocrx_word' id='word_1_73' title='bbox 740 1298 953 1371; x_wconf 68' lang='grc' dir='ltr'><strong><em>μὲσογείᾳ</em></strong></span> <span class='ocrx_word' id='word_1_74' title='bbox 973 1311 1086 1355; x_wconf 70' lang='grc' dir='ltr'><strong><em>κατὰ</em></strong></span> <span class='ocrx_word' id='word_1_75' title='bbox 1108 1311 1187 1368; x_wconf 78' lang='grc' dir='ltr'>τὴν</span> <span class='ocrx_word' id='word_1_76' title='bbox 1203 1298 1646 1372; x_wconf 62' lang='grc' dir='ltr'><strong><em>Ἰδουμαίανῖᾼδωρα</em></strong></span> <span class='ocrx_word' id='word_1_77' title='bbox 1667 1312 1742 1356; x_wconf 82' lang='grc' dir='ltr'><strong><em>καὶ</em></strong></span> <span class='ocrx_word' id='word_1_78' title='bbox 1758 1311 2002 1371; x_wconf 83' lang='grc' dir='ltr'><strong><em>Μάρισσαν</em></strong></span> <span class='ocrx_word' id='word_1_79' title='bbox 2021 1313 2096 1358; x_wconf 81' lang='grc' dir='ltr'><strong><em>καὶ</em></strong></span> <span class='ocrx_word' id='word_1_80' title='bbox 2108 1300 2380 1372; x_wconf 61' lang='grc' dir='ltr'><strong><em>Σαιιάρὲιαν,</em></strong></span> 
     </span>
     <span class='ocr_line' id='line_1_13' title="bbox 531 1384 2380 1451; baseline 0.002 -20"><span class='ocrx_word' id='word_1_81' title='bbox 531 1384 837 1447; x_wconf 84' lang='grc' dir='ltr'><strong><em>Καρμήλιον’</em></strong></span> <span class='ocrx_word' id='word_1_82' title='bbox 815 1406 922 1449; x_wconf 82' lang='grc' dir='ltr'><strong><em>ορος</em></strong></span> <span class='ocrx_word' id='word_1_83' title='bbox 940 1389 1012 1434; x_wconf 83' lang='grc' dir='ltr'><strong><em>καὶ</em></strong></span> <span class='ocrx_word' id='word_1_84' title='bbox 1032 1391 1082 1434; x_wconf 78' lang='grc' dir='ltr'>τὸ</span> <span class='ocrx_word' id='word_1_85' title='bbox 1101 1385 1381 1449; x_wconf 75' lang='grc' dir='ltr'><strong><em>’[ταβύριον’</em></strong></span> <span class='ocrx_word' id='word_1_86' title='bbox 1366 1386 1491 1449; x_wconf 74' lang='grc' dir='ltr'><strong><em>όρος,</em></strong></span> <span class='ocrx_word' id='word_1_87' title='bbox 1517 1390 1827 1444; x_wconf 73' lang='grc' dir='ltr'><strong><em>Σκυθόπολιν,</em></strong></span> <span class='ocrx_word' id='word_1_88' title='bbox 1850 1390 2049 1451; x_wconf 78' lang='grc' dir='ltr'><strong><em>Γάδαρα,</em></strong></span> <span class='ocrx_word' id='word_1_89' title='bbox 2073 1390 2380 1444; x_wconf 86' lang='grc' dir='ltr'><strong><em>Γαυλανίτιδα,</em></strong></span> 
     </span>
     <span class='ocr_line' id='line_1_14' title="bbox 531 1465 2380 1528; baseline 0.002 -19.011"><span class='ocrx_word' id='word_1_90' title='bbox 531 1467 802 1519; x_wconf 80' lang='grc' dir='ltr'><strong><em>Σελεύκειαν,</em></strong></span> <span class='ocrx_word' id='word_1_91' title='bbox 827 1469 1025 1522; x_wconf 83' lang='grc' dir='ltr'><strong><em>Γάβαλα,</em></strong></span> <span class='ocrx_word' id='word_1_92' title='bbox 1049 1467 1346 1521; x_wconf 79' lang='grc' dir='ltr'><strong><em>Μωαβίτιδας</em></strong></span> <span class='ocrx_word' id='word_1_93' title='bbox 1364 1465 1594 1523; x_wconf 78' lang='grc' dir='ltr'><strong><em>Ἐσσεβιὰν,</em></strong></span> <span class='ocrx_word' id='word_1_94' title='bbox 1614 1467 1835 1526; x_wconf 71' lang='grc' dir='ltr'><strong><em>ΠΙηδαβα,</em></strong></span> <span class='ocrx_word' id='word_1_95' title='bbox 1855 1470 2038 1525; x_wconf 79' lang='grc' dir='ltr'><strong><em>Λέμβα,</em></strong></span> <span class='ocrx_word' id='word_1_96' title='bbox 2055 1466 2264 1528; x_wconf 81' lang='grc' dir='ltr'><strong><em>Ὀρώνας,</em></strong></span> <span class='ocrx_word' id='word_1_97' title='bbox 2300 1473 2380 1512; x_wconf 80' lang='grc' dir='ltr'>Τε-</span> 
     </span>
     <span class='ocr_line' id='line_1_15' title="bbox 532 1536 1541 1607; baseline 0.003 -20"><span class='ocrx_word' id='word_1_98' title='bbox 532 1543 720 1597; x_wconf 72' lang='grc' dir='ltr'><strong><em>λίθωνα,</em></strong></span> <span class='ocrx_word' id='word_1_99' title='bbox 734 1536 888 1607; x_wconf 60' lang='lat'><strong><em>2590,</em></strong></span> <span class='ocrx_word' id='word_1_100' title='bbox 912 1545 1116 1591; x_wconf 81' lang='grc' dir='ltr'><strong><em>Κιλίκιον</em></strong></span> <span class='ocrx_word' id='word_1_101' title='bbox 1136 1542 1328 1600; x_wconf 77' lang='grc' dir='ltr'><strong><em>αὗλῶνα,</em></strong></span> <span class='ocrx_word' id='word_1_102' title='bbox 1350 1548 1541 1590; x_wconf 81' lang='grc' dir='ltr'><strong><em>Πέλλαν.</em></strong></span> 
     </span>
    </p>
   </div>
   <div class='ocr_carea' id='block_1_7' title="bbox 532 1631 2382 1789">
    <p class='ocr_par' dir='ltr' id='par_1_7' title="bbox 532 1631 2382 1789">
     <span class='ocr_line' id='line_1_16' title="bbox 611 1631 2381 1707; baseline 0.002 -17.061"><span class='ocrx_word' id='word_1_103' title='bbox 611 1649 713 1691; x_wconf 83' lang='lat' dir='ltr'>Ad</span> <span class='ocrx_word' id='word_1_104' title='bbox 733 1650 979 1693; x_wconf 88' lang='lat' dir='ltr'>enodandas</span> <span class='ocrx_word' id='word_1_105' title='bbox 1001 1649 1291 1703; x_wconf 74' lang='lat' dir='ltr'>difficultate8‚</span> <span class='ocrx_word' id='word_1_106' title='bbox 1322 1655 1431 1706; x_wconf 88' lang='lat' dir='ltr'>quae</span> <span class='ocrx_word' id='word_1_107' title='bbox 1450 1652 1494 1694; x_wconf 88' lang='lat' dir='ltr'>in</span> <span class='ocrx_word' id='word_1_108' title='bbox 1514 1651 1580 1706; x_wconf 88' lang='lat' dir='ltr'>his</span> <span class='ocrx_word' id='word_1_109' title='bbox 1600 1650 1768 1707; x_wconf 86' lang='lat' dir='ltr'>Iosephi</span> <span class='ocrx_word' id='word_1_110' title='bbox 1787 1650 1927 1694; x_wconf 86' lang='lat' dir='ltr'>verbis</span> <span class='ocrx_word' id='word_1_111' title='bbox 1947 1631 2237 1701; x_wconf 82' lang='lat' dir='ltr'>inveniuntur,</span> <span class='ocrx_word' id='word_1_112' title='bbox 2268 1650 2381 1694; x_wconf 86' lang='lat' dir='ltr'>haud</span> 
     </span>
     <span class='ocr_line' id='line_1_17' title="bbox 532 1720 2382 1789; baseline 0.002 -20"><span class='ocrx_word' id='word_1_113' title='bbox 532 1741 694 1782; x_wconf 87' lang='lat' dir='ltr'>paucas</span> <span class='ocrx_word' id='word_1_114' title='bbox 732 1733 776 1771; x_wconf 88' lang='lat' dir='ltr'>et</span> <span class='ocrx_word' id='word_1_115' title='bbox 807 1729 864 1772; x_wconf 91' lang='lat' dir='ltr'>ad</span> <span class='ocrx_word' id='word_1_116' title='bbox 901 1729 1167 1772; x_wconf 86' lang='lat' dir='ltr'>emendanda</span> <span class='ocrx_word' id='word_1_117' title='bbox 1193 1729 1467 1773; x_wconf 85' lang='lat' dir='ltr'>librariorum</span> <span class='ocrx_word' id='word_1_118' title='bbox 1496 1720 1711 1773; x_wconf 81' lang='lat' dir='ltr'>erroribus</span> <span class='ocrx_word' id='word_1_119' title='bbox 1738 1729 1973 1786; x_wconf 73' lang='lat' dir='ltr'>depravata</span> <span class='ocrx_word' id='word_1_120' title='bbox 2001 1733 2114 1789; x_wconf 25' lang='lat' dir='ltr'>ante·</span> <span class='ocrx_word' id='word_1_121' title='bbox 2128 1729 2269 1772; x_wconf 92' lang='lat' dir='ltr'>omnia</span> <span class='ocrx_word' id='word_1_122' title='bbox 2295 1729 2382 1772; x_wconf 89' lang='lat' dir='ltr'>ani-</span> 
     </span>
    </p>
   </div>
   <div class='ocr_carea' id='block_1_8' title="bbox 531 1807 2382 1929">
    <p class='ocr_par' dir='ltr' id='par_1_8' title="bbox 531 1807 2382 1929">
     <span class='ocr_line' id='line_1_18' title="bbox 534 1807 2382 1864; baseline 0.002 -16"><span class='ocrx_word' id='word_1_123' title='bbox 534 1820 648 1849; x_wconf 89' lang='lat' dir='ltr'>mum</span> <span class='ocrx_word' id='word_1_124' title='bbox 686 1807 957 1851; x_wconf 84' lang='lat' dir='ltr'>advertamus</span> <span class='ocrx_word' id='word_1_125' title='bbox 997 1820 1173 1850; x_wconf 89' lang='lat' dir='ltr'>necesse</span> <span class='ocrx_word' id='word_1_126' title='bbox 1214 1811 1284 1851; x_wconf 77' lang='lat' dir='ltr'>est</span> <span class='ocrx_word' id='word_1_127' title='bbox 1319 1808 1374 1851; x_wconf 88' lang='lat' dir='ltr'>ad</span> <span class='ocrx_word' id='word_1_128' title='bbox 1414 1809 1646 1861; x_wconf 86' lang='lat' dir='ltr'>rationem,</span> <span class='ocrx_word' id='word_1_129' title='bbox 1695 1822 1780 1864; x_wconf 90' lang='lat' dir='ltr'>qua</span> <span class='ocrx_word' id='word_1_130' title='bbox 1825 1807 2046 1863; x_wconf 89' lang='lat' dir='ltr'>scriptoris</span> <span class='ocrx_word' id='word_1_131' title='bbox 2084 1807 2382 1864; x_wconf 84' lang='lat' dir='ltr'>progrediatur</span> 
     </span>
     <span class='ocr_line' id='line_1_19' title="bbox 531 1875 1454 1929; baseline 0.012 -3"><span class='ocrx_word' id='word_1_132' title='bbox 531 1887 805 1929; x_wconf 81' lang='lat' dir='ltr'>enumeratio.</span> <span class='ocrx_word' id='word_1_133' title='bbox 1411 1882 1413 1884; x_wconf 33' lang='lat'>¹</span> <span class='ocrx_word' id='word_1_134' title='bbox 1451 1875 1454 1877; x_wconf 16' lang='grc' dir='ltr'><strong><em>ι</em></strong></span> 
     </span>
    </p>
   </div>
   <div class='ocr_carea' id='block_1_9' title="bbox 528 1986 2383 2438">
    <p class='ocr_par' dir='ltr' id='par_1_9' title="bbox 528 1986 2383 2438">
     <span class='ocr_line' id='line_1_20' title="bbox 643 1986 2383 2044; baseline -0.001 -17"><span class='ocrx_word' id='word_1_135' title='bbox 643 1986 705 2028; x_wconf 87' lang='lat' dir='ltr'>Ac</span> <span class='ocrx_word' id='word_1_136' title='bbox 736 1987 921 2040; x_wconf 87' lang='lat' dir='ltr'>primum</span> <span class='ocrx_word' id='word_1_137' title='bbox 955 1987 1126 2040; x_wconf 91' lang='lat' dir='ltr'>quidem</span> <span class='ocrx_word' id='word_1_138' title='bbox 1151 1987 1357 2040; x_wconf 84' lang='lat' dir='ltr'>Iosephus</span> <span class='ocrx_word' id='word_1_139' title='bbox 1393 1986 1509 2044; x_wconf 77' lang='grc' dir='ltr'><strong><em>πρὸς</em></strong></span> <span class='ocrx_word' id='word_1_140' title='bbox 1546 1986 1754 2044; x_wconf 72' lang='grc' dir='ltr'><strong><em>θαλάσσῃ</em></strong></span> <span class='ocrx_word' id='word_1_141' title='bbox 1789 1987 1828 2028; x_wconf 88' lang='lat' dir='ltr'>h.</span> <span class='ocrx_word' id='word_1_142' title='bbox 1856 2001 1891 2028; x_wconf 89' lang='lat' dir='ltr'>e.</span> <span class='ocrx_word' id='word_1_143' title='bbox 1922 1986 2051 2027; x_wconf 89' lang='lat' dir='ltr'>maris</span> <span class='ocrx_word' id='word_1_144' title='bbox 2081 1987 2383 2027; x_wconf 83' lang='lat' dir='ltr'>mediterranei</span> 
     </span>
     <span class='ocr_line' id='line_1_21' title="bbox 528 2063 2381 2121; baseline 0 -14"><span class='ocrx_word' id='word_1_145' title='bbox 528 2063 657 2108; x_wconf 81' lang='lat' dir='ltr'>litora</span> <span class='ocrx_word' id='word_1_146' title='bbox 678 2063 969 2109; x_wconf 87' lang='lat' dir='ltr'>adiacentibus</span> <span class='ocrx_word' id='word_1_147' title='bbox 990 2064 1155 2121; x_wconf 87' lang='lat' dir='ltr'>oppidis</span> <span class='ocrx_word' id='word_1_148' title='bbox 1175 2065 1275 2108; x_wconf 87' lang='lat' dir='ltr'>inde</span> <span class='ocrx_word' id='word_1_149' title='bbox 1296 2080 1323 2108; x_wconf 87' lang='lat' dir='ltr'>a</span> <span class='ocrx_word' id='word_1_150' title='bbox 1349 2067 1477 2108; x_wconf 83' lang='lat' dir='ltr'>Turre</span> <span class='ocrx_word' id='word_1_151' title='bbox 1499 2067 1731 2117; x_wconf 45' lang='lat' dir='ltr'>stratorum</span> <span class='ocrx_word' id='word_1_152' title='bbox 1753 2066 1873 2107; x_wconf 90' lang='lat' dir='ltr'>cuius</span> <span class='ocrx_word' id='word_1_153' title='bbox 1893 2065 2005 2110; x_wconf 89' lang='lat' dir='ltr'>loco</span> <span class='ocrx_word' id='word_1_154' title='bbox 2034 2068 2086 2107; x_wconf 89' lang='lat' dir='ltr'>ut</span> <span class='ocrx_word' id='word_1_155' title='bbox 2104 2065 2215 2107; x_wconf 89' lang='lat' dir='ltr'>inter</span> <span class='ocrx_word' id='word_1_156' title='bbox 2236 2079 2381 2107; x_wconf 90' lang='lat' dir='ltr'>omnes</span> 
     </span>
     <span class='ocr_line' id='line_1_22' title="bbox 532 2143 2381 2198; baseline -0.001 -13"><span class='ocrx_word' id='word_1_157' title='bbox 532 2143 639 2185; x_wconf 85' lang='lat' dir='ltr'>satis</span> <span class='ocrx_word' id='word_1_158' title='bbox 660 2148 847 2195; x_wconf 87' lang='lat' dir='ltr'>constat,</span> <span class='ocrx_word' id='word_1_159' title='bbox 879 2144 1075 2187; x_wconf 90' lang='lat' dir='ltr'>Herodes</span> <span class='ocrx_word' id='word_1_160' title='bbox 1102 2144 1345 2187; x_wconf 71' lang='lat' dir='ltr'>Caesaream</span> <span class='ocrx_word' id='word_1_161' title='bbox 1368 2146 1632 2186; x_wconf 71' lang='lat' dir='ltr'>Palaestinae</span> <span class='ocrx_word' id='word_1_162' title='bbox 1653 2143 1927 2193; x_wconf 89' lang='lat' dir='ltr'>aedificabat,</span> <span class='ocrx_word' id='word_1_163' title='bbox 1954 2158 2088 2196; x_wconf 89' lang='lat' dir='ltr'>usque</span> <span class='ocrx_word' id='word_1_164' title='bbox 2110 2143 2166 2184; x_wconf 88' lang='lat' dir='ltr'>ad</span> <span class='ocrx_word' id='word_1_165' title='bbox 2185 2145 2381 2198; x_wconf 77' lang='lat' dir='ltr'>Rhafiam</span> 
     </span>
     <span class='ocr_line' id='line_1_23' title="bbox 533 2206 2382 2281; baseline -0.001 -17"><span class='ocrx_word' id='word_1_166' title='bbox 533 2230 574 2264; x_wconf 86' lang='lat' dir='ltr'>et</span> <span class='ocrx_word' id='word_1_167' title='bbox 594 2222 920 2265; x_wconf 75' lang='lat' dir='ltr'>Rhinocolura-m</span> <span class='ocrx_word' id='word_1_168' title='bbox 948 2222 993 2264; x_wconf 93' lang='lat' dir='ltr'>in</span> <span class='ocrx_word' id='word_1_169' title='bbox 1021 2222 1221 2265; x_wconf 84' lang='lat' dir='ltr'>extremis</span> <span class='ocrx_word' id='word_1_170' title='bbox 1242 2206 1419 2278; x_wconf 84' lang='lat' dir='ltr'>Aegypti</span> <span class='ocrx_word' id='word_1_171' title='bbox 1445 2222 1598 2266; x_wconf 88' lang='lat' dir='ltr'>finibus</span> <span class='ocrx_word' id='word_1_172' title='bbox 1627 2223 1756 2274; x_wconf 75' lang='lat' dir='ltr'>sitae,</span> <span class='ocrx_word' id='word_1_173' title='bbox 1797 2222 1975 2277; x_wconf 89' lang='lat' dir='ltr'>opponit</span> <span class='ocrx_word' id='word_1_174' title='bbox 2004 2235 2066 2273; x_wconf 90' lang='lat' dir='ltr'>ea,</span> <span class='ocrx_word' id='word_1_175' title='bbox 2107 2234 2218 2281; x_wconf 85' lang='lat' dir='ltr'>quae</span> <span class='ocrx_word' id='word_1_176' title='bbox 2248 2219 2295 2263; x_wconf 77' lang='grc' dir='ltr'>ἐν</span> <span class='ocrx_word' id='word_1_177' title='bbox 2325 2222 2382 2279; x_wconf 83' lang='grc' dir='ltr'>τῇ</span> 
     </span>
     <span class='ocr_line' id='line_1_24' title="bbox 529 2297 2383 2357; baseline -0.001 -15"><span class='ocrx_word' id='word_1_178' title='bbox 529 2297 743 2357; x_wconf 76' lang='grc' dir='ltr'><strong><em>μεσογείᾳ</em></strong></span> <span class='ocrx_word' id='word_1_179' title='bbox 762 2300 1064 2342; x_wconf 85' lang='lat' dir='ltr'>invenirentur.</span> <span class='ocrx_word' id='word_1_180' title='bbox 1112 2301 1161 2342; x_wconf 93' lang='lat' dir='ltr'>In</span> <span class='ocrx_word' id='word_1_181' title='bbox 1182 2297 1477 2347; x_wconf 81' lang='lat' dir='ltr'>enumerandis</span> <span class='ocrx_word' id='word_1_182' title='bbox 1498 2306 1640 2344; x_wconf 90' lang='lat' dir='ltr'>autem</span> <span class='ocrx_word' id='word_1_183' title='bbox 1658 2301 1852 2352; x_wconf 82' lang='lat' dir='ltr'>urbibuS‚</span> <span class='ocrx_word' id='word_1_184' title='bbox 1872 2301 1917 2343; x_wconf 89' lang='lat' dir='ltr'>in</span> <span class='ocrx_word' id='word_1_185' title='bbox 1936 2300 2261 2343; x_wconf 87' lang='lat' dir='ltr'>mediterraneis</span> <span class='ocrx_word' id='word_1_186' title='bbox 2277 2300 2383 2350; x_wconf 88' lang='lat' dir='ltr'>sitis,</span> 
     </span>
     <span class='ocr_line' id='line_1_25' title="bbox 530 2375 2381 2438; baseline 0 -18"><span class='ocrx_word' id='word_1_187' title='bbox 530 2378 751 2433; x_wconf 84' lang='lat' dir='ltr'>egreditur</span> <span class='ocrx_word' id='word_1_188' title='bbox 771 2379 954 2434; x_wconf 86' lang='lat' dir='ltr'>scriptor</span> <span class='ocrx_word' id='word_1_189' title='bbox 973 2394 1000 2423; x_wconf 92' lang='lat' dir='ltr'>a</span> <span class='ocrx_word' id='word_1_190' title='bbox 1021 2379 1368 2422; x_wconf 89' lang='lat' dir='ltr'>meridionalibus</span> <span class='ocrx_word' id='word_1_191' title='bbox 1389 2379 1501 2423; x_wconf 81' lang='grc' dir='ltr'><strong><em>κατὰ</em></strong></span> <span class='ocrx_word' id='word_1_192' title='bbox 1522 2377 1602 2438; x_wconf 76' lang='grc' dir='ltr'>τὴν</span> <span class='ocrx_word' id='word_1_193' title='bbox 1618 2375 1892 2432; x_wconf 82' lang='grc' dir='ltr'><strong><em>Ἰδουμαίαν,</em></strong></span> <span class='ocrx_word' id='word_1_194' title='bbox 1913 2393 1965 2421; x_wconf 89' lang='lat' dir='ltr'>ea</span> <span class='ocrx_word' id='word_1_195' title='bbox 1984 2379 2181 2421; x_wconf 90' lang='lat' dir='ltr'>nimirum</span> <span class='ocrx_word' id='word_1_196' title='bbox 2202 2379 2381 2420; x_wconf 89' lang='lat' dir='ltr'>nominis</span> 
     </span>
    </p>
   </div>
   <div class='ocr_carea' id='block_1_10' title="bbox 529 2457 2382 2593">
    <p class='ocr_par' dir='ltr' id='par_1_10' title="bbox 529 2457 2382 2593">
     <span class='ocr_line' id='line_1_26' title="bbox 532 2457 2382 2524; baseline 0 -24"><span class='ocrx_word' id='word_1_197' title='bbox 532 2461 748 2524; x_wconf 82' lang='lat' dir='ltr'>potestate</span> <span class='ocrx_word' id='word_1_198' title='bbox 765 2459 947 2509; x_wconf 83' lang='lat' dir='ltr'>dictam,</span> <span class='ocrx_word' id='word_1_199' title='bbox 969 2472 1063 2514; x_wconf 76' lang='lat' dir='ltr'>‘qua</span> <span class='ocrx_word' id='word_1_200' title='bbox 1093 2459 1256 2518; x_wconf 84' lang='lat' dir='ltr'>seriore</span> <span class='ocrx_word' id='word_1_201' title='bbox 1277 2462 1468 2514; x_wconf 86' lang='lat' dir='ltr'>tempore</span> <span class='ocrx_word' id='word_1_202' title='bbox 1487 2458 1690 2500; x_wconf 87' lang='lat' dir='ltr'>maiorem</span> <span class='ocrx_word' id='word_1_203' title='bbox 1704 2457 1889 2500; x_wconf 90' lang='lat' dir='ltr'>Iudaeae</span> <span class='ocrx_word' id='word_1_204' title='bbox 1908 2457 2195 2500; x_wconf 86' lang='lat' dir='ltr'>meridionalis</span> <span class='ocrx_word' id='word_1_205' title='bbox 2216 2462 2382 2512; x_wconf 83' lang='lat' dir='ltr'>partem</span> 
     </span>
     <span class='ocr_line' id='line_1_27' title="bbox 529 2537 2380 2593; baseline -0.002 -12"><span class='ocrx_word' id='word_1_206' title='bbox 529 2538 902 2593; x_wconf 83' lang='lat' dir='ltr'>complectebatur,</span> <span class='ocrx_word' id='word_1_207' title='bbox 927 2543 944 2581; x_wconf 95' lang='lat'>1</span> <span class='ocrx_word' id='word_1_208' title='bbox 969 2538 1103 2581; x_wconf 86' lang='lat' dir='ltr'>Maec.</span> <span class='ocrx_word' id='word_1_209' title='bbox 1126 2544 1163 2590; x_wconf 88' lang='lat'>5,</span> <span class='ocrx_word' id='word_1_210' title='bbox 1187 2542 1222 2581; x_wconf 83' lang='lat'>3.</span> <span class='ocrx_word' id='word_1_211' title='bbox 1246 2543 1311 2581; x_wconf 86' lang='lat'>65.</span> <span class='ocrx_word' id='word_1_212' title='bbox 1332 2538 1411 2581; x_wconf 91' lang='lat' dir='ltr'>Ios.</span> <span class='ocrx_word' id='word_1_213' title='bbox 1433 2538 1479 2579; x_wconf 95' lang='grc' dir='ltr'>Β.</span> <span class='ocrx_word' id='word_1_214' title='bbox 1499 2538 1537 2580; x_wconf 89' lang='lat' dir='ltr'>J.</span> <span class='ocrx_word' id='word_1_215' title='bbox 1558 2537 1628 2587; x_wconf 92' lang='lat' dir='ltr'>IV,</span> <span class='ocrx_word' id='word_1_216' title='bbox 1649 2541 1688 2588; x_wconf 85' lang='lat'>9,</span> <span class='ocrx_word' id='word_1_217' title='bbox 1711 2541 1748 2579; x_wconf 90' lang='lat'>7.</span> <span class='ocrx_word' id='word_1_218' title='bbox 1767 2537 1862 2579; x_wconf 86' lang='lat' dir='ltr'>Ant.</span> <span class='ocrx_word' id='word_1_219' title='bbox 1882 2537 1996 2587; x_wconf 88' lang='lat' dir='ltr'>XIII,</span> <span class='ocrx_word' id='word_1_220' title='bbox 2019 2541 2056 2587; x_wconf 88' lang='lat'>6,</span> <span class='ocrx_word' id='word_1_221' title='bbox 2078 2542 2114 2579; x_wconf 87' lang='lat'>5.</span> <span class='ocrx_word' id='word_1_222' title='bbox 2135 2537 2312 2579; x_wconf 90' lang='lat' dir='ltr'>Ptolem.</span> <span class='ocrx_word' id='word_1_223' title='bbox 2332 2537 2380 2587; x_wconf 91' lang='lat' dir='ltr'>V,</span> 
     </span>
    </p>
   </div>
   <div class='ocr_carea' id='block_1_11' title="bbox 450 2609 2379 2676">
    <p class='ocr_par' dir='ltr' id='par_1_11' title="bbox 450 2609 2379 2676">
     <span class='ocr_line' id='line_1_28' title="bbox 450 2609 2379 2676; baseline -0.001 -18"><span class='ocrx_word' id='word_1_224' title='bbox 450 2656 452 2658; x_wconf 83' lang='grc'><strong><em>,</em></strong></span> <span class='ocrx_word' id='word_1_225' title='bbox 535 2620 598 2668; x_wconf 89' lang='grc'>16,</span> <span class='ocrx_word' id='word_1_226' title='bbox 624 2620 686 2660; x_wconf 93' lang='grc'>10.</span> <span class='ocrx_word' id='word_1_227' title='bbox 746 2617 811 2660; x_wconf 89' lang='lat' dir='ltr'>Ex</span> <span class='ocrx_word' id='word_1_228' title='bbox 828 2616 998 2660; x_wconf 90' lang='lat' dir='ltr'>urbium</span> <span class='ocrx_word' id='word_1_229' title='bbox 1016 2631 1194 2660; x_wconf 91' lang='lat' dir='ltr'>numero</span> <span class='ocrx_word' id='word_1_230' title='bbox 1213 2619 1338 2659; x_wconf 86' lang='lat' dir='ltr'>vocat</span> <span class='ocrx_word' id='word_1_231' title='bbox 1358 2616 1483 2658; x_wconf 91' lang='lat' dir='ltr'>duas:</span> <span class='ocrx_word' id='word_1_232' title='bbox 1502 2609 1563 2659; x_wconf 75' lang='grc' dir='ltr'>’Ἀ</span> <span class='ocrx_word' id='word_1_233' title='bbox 1572 2614 1598 2657; x_wconf 91' lang='grc' dir='ltr'><strong><em>δ</em></strong></span> <span class='ocrx_word' id='word_1_234' title='bbox 1607 2631 1735 2672; x_wconf 81' lang='grc' dir='ltr'><strong><em>ωρα,</em></strong></span> <span class='ocrx_word' id='word_1_235' title='bbox 1767 2614 1806 2657; x_wconf 90' lang='lat' dir='ltr'>h.</span> <span class='ocrx_word' id='word_1_236' title='bbox 1828 2630 1862 2658; x_wconf 91' lang='lat' dir='ltr'>e.</span> <span class='ocrx_word' id='word_1_237' title='bbox 1883 2620 2011 2676; x_wconf 46' lang='lat' dir='ltr'>072³ss</span> <span class='ocrx_word' id='word_1_238' title='bbox 2033 2619 2056 2657; x_wconf 90' lang='lat'><strong>2</strong></span> <span class='ocrx_word' id='word_1_239' title='bbox 2080 2614 2232 2658; x_wconf 90' lang='lat' dir='ltr'>Chron.</span> <span class='ocrx_word' id='word_1_240' title='bbox 2258 2620 2320 2667; x_wconf 90' lang='grc'>11,</span> <span class='ocrx_word' id='word_1_241' title='bbox 2343 2619 2379 2658; x_wconf 88' lang='lat'>9.</span> 
     </span>
    </p>
   </div>
   <div class='ocr_carea' id='block_1_12' title="bbox 530 2691 2382 3142">
    <p class='ocr_par' dir='ltr' id='par_1_12' title="bbox 530 2691 2382 3142">
     <span class='ocr_line' id='line_1_29' title="bbox 537 2691 2380 2750; baseline -0.002 -12"><span class='ocrx_word' id='word_1_242' title='bbox 537 2699 555 2738; x_wconf 95' lang='lat'>1</span> <span class='ocrx_word' id='word_1_243' title='bbox 574 2695 705 2739; x_wconf 81' lang='lat' dir='ltr'>Maec.</span> <span class='ocrx_word' id='word_1_244' title='bbox 725 2699 788 2747; x_wconf 87' lang='grc'><strong><em>13,</em></strong></span> <span class='ocrx_word' id='word_1_245' title='bbox 810 2698 877 2738; x_wconf 87' lang='grc'>20.</span> <span class='ocrx_word' id='word_1_246' title='bbox 897 2694 979 2738; x_wconf 92' lang='lat' dir='ltr'>Ios.</span> <span class='ocrx_word' id='word_1_247' title='bbox 997 2696 1092 2739; x_wconf 88' lang='lat' dir='ltr'>Ant.</span> <span class='ocrx_word' id='word_1_248' title='bbox 1109 2694 1220 2746; x_wconf 92' lang='lat' dir='ltr'>VIII,</span> <span class='ocrx_word' id='word_1_249' title='bbox 1246 2699 1309 2746; x_wconf 90' lang='lat'>10,</span> <span class='ocrx_word' id='word_1_250' title='bbox 1334 2698 1368 2736; x_wconf 93' lang='lat'>1.</span> <span class='ocrx_word' id='word_1_251' title='bbox 1390 2693 1528 2749; x_wconf 86' lang='lat' dir='ltr'>B.J.1,</span> <span class='ocrx_word' id='word_1_252' title='bbox 1545 2698 1582 2745; x_wconf 78' lang='lat'>2,</span> <span class='ocrx_word' id='word_1_253' title='bbox 1596 2697 1632 2736; x_wconf 89' lang='lat'>6.</span> <span class='ocrx_word' id='word_1_254' title='bbox 1654 2693 1723 2750; x_wconf 93' lang='lat' dir='ltr'>(de</span> <span class='ocrx_word' id='word_1_255' title='bbox 1742 2691 2025 2736; x_wconf 54' lang='lat' dir='ltr'>nomine&#39;vide</span> <span class='ocrx_word' id='word_1_256' title='bbox 2045 2708 2176 2749; x_wconf 92' lang='lat' dir='ltr'>supra</span> <span class='ocrx_word' id='word_1_257' title='bbox 2195 2709 2234 2749; x_wconf 88' lang='lat' dir='ltr'>p.</span> <span class='ocrx_word' id='word_1_258' title='bbox 2252 2694 2380 2748; x_wconf 85' lang='lat' dir='ltr'>6sq.),</span> 
     </span>
     <span class='ocr_line' id='line_1_30' title="bbox 533 2762 2382 2832; baseline -0.002 -15"><span class='ocrx_word' id='word_1_259' title='bbox 533 2780 575 2817; x_wconf 90' lang='lat' dir='ltr'>et</span> <span class='ocrx_word' id='word_1_260' title='bbox 602 2773 917 2832; x_wconf 66' lang='lat' dir='ltr'>Iildpwoav,</span> <span class='ocrx_word' id='word_1_261' title='bbox 957 2774 996 2816; x_wconf 92' lang='lat' dir='ltr'>h.</span> <span class='ocrx_word' id='word_1_262' title='bbox 1025 2788 1061 2817; x_wconf 89' lang='lat' dir='ltr'>e.</span> <span class='ocrx_word' id='word_1_263' title='bbox 1090 2781 1210 2830; x_wconf 48' lang='grc' dir='ltr'>τιεί-3»,</span> <span class='ocrx_word' id='word_1_264' title='bbox 1240 2777 1263 2816; x_wconf 85' lang='grc'>2</span> <span class='ocrx_word' id='word_1_265' title='bbox 1287 2773 1439 2816; x_wconf 90' lang='lat' dir='ltr'>Chron.</span> <span class='ocrx_word' id='word_1_266' title='bbox 1466 2776 1533 2824; x_wconf 90' lang='grc'>11,</span> <span class='ocrx_word' id='word_1_267' title='bbox 1557 2775 1592 2815; x_wconf 92' lang='grc'>8.</span> <span class='ocrx_word' id='word_1_268' title='bbox 1620 2771 1707 2814; x_wconf 86' lang='lat' dir='ltr'>Jos.</span> <span class='ocrx_word' id='word_1_269' title='bbox 1732 2776 1804 2824; x_wconf 87' lang='lat'>15,</span> <span class='ocrx_word' id='word_1_270' title='bbox 1826 2777 1914 2823; x_wconf 60' lang='lat'>44„</span> <span class='ocrx_word' id='word_1_271' title='bbox 1944 2773 2056 2815; x_wconf 88' lang='lat' dir='ltr'>inter</span> <span class='ocrx_word' id='word_1_272' title='bbox 2075 2762 2382 2815; x_wconf 52' lang='lat' dir='ltr'>Hebronem&#39;et</span> 
     </span>
     <span class='ocr_line' id='line_1_31' title="bbox 533 2838 2380 2907; baseline -0.001 -13"><span class='ocrx_word' id='word_1_273' title='bbox 533 2852 748 2895; x_wconf 87' lang='lat' dir='ltr'>Asdodum</span> <span class='ocrx_word' id='word_1_274' title='bbox 768 2853 937 2895; x_wconf 89' lang='lat' dir='ltr'>sitaml</span> <span class='ocrx_word' id='word_1_275' title='bbox 961 2852 1093 2895; x_wconf 84' lang='lat' dir='ltr'>Maec.</span> <span class='ocrx_word' id='word_1_276' title='bbox 1115 2856 1158 2904; x_wconf 81' lang='lat'>5,</span> <span class='ocrx_word' id='word_1_277' title='bbox 1176 2857 1227 2895; x_wconf 83' lang='lat'>65</span> <span class='ocrx_word' id='word_1_278' title='bbox 1251 2867 1343 2907; x_wconf 89' lang='lat' dir='ltr'>sqq.</span> <span class='ocrx_word' id='word_1_279' title='bbox 1370 2851 1451 2894; x_wconf 92' lang='lat' dir='ltr'>Ios.</span> <span class='ocrx_word' id='word_1_280' title='bbox 1474 2852 1567 2893; x_wconf 88' lang='lat' dir='ltr'>Ant.</span> <span class='ocrx_word' id='word_1_281' title='bbox 1590 2851 1679 2902; x_wconf 88' lang='lat' dir='ltr'>XII,</span> <span class='ocrx_word' id='word_1_282' title='bbox 1702 2854 1738 2893; x_wconf 89' lang='grc'>8.</span> <span class='ocrx_word' id='word_1_283' title='bbox 1761 2855 1798 2894; x_wconf 90' lang='grc'>6.</span> <span class='ocrx_word' id='word_1_284' title='bbox 1827 2851 1936 2904; x_wconf 87' lang='lat' dir='ltr'>XIV,</span> <span class='ocrx_word' id='word_1_285' title='bbox 1958 2856 1997 2902; x_wconf 90' lang='lat'>4,</span> <span class='ocrx_word' id='word_1_286' title='bbox 2020 2857 2056 2893; x_wconf 87' lang='lat'>4.</span> <span class='ocrx_word' id='word_1_287' title='bbox 2079 2856 2116 2903; x_wconf 87' lang='lat'>5,</span> <span class='ocrx_word' id='word_1_288' title='bbox 2141 2856 2199 2902; x_wconf 89' lang='lat'>3.,</span> <span class='ocrx_word' id='word_1_289' title='bbox 2231 2838 2380 2906; x_wconf 70' lang='lat' dir='ltr'>captas</span> 
     </span>
     <span class='ocr_line' id='line_1_32' title="bbox 531 2929 2380 2987; baseline -0.002 -13"><span class='ocrx_word' id='word_1_290' title='bbox 531 2932 615 2974; x_wconf 83' lang='lat' dir='ltr'>iam</span> <span class='ocrx_word' id='word_1_291' title='bbox 645 2931 699 2973; x_wconf 91' lang='lat' dir='ltr'>ab</span> <span class='ocrx_word' id='word_1_292' title='bbox 720 2930 917 2987; x_wconf 86' lang='lat' dir='ltr'>Hyrcano</span> <span class='ocrx_word' id='word_1_293' title='bbox 931 2964 940 2982; x_wconf 92' lang='lat'>,</span> <span class='ocrx_word' id='word_1_294' title='bbox 981 2932 1054 2986; x_wconf 88' lang='lat' dir='ltr'>qui</span> <span class='ocrx_word' id='word_1_295' title='bbox 1084 2931 1272 2974; x_wconf 87' lang='lat' dir='ltr'>subactis</span> <span class='ocrx_word' id='word_1_296' title='bbox 1292 2930 1505 2973; x_wconf 85' lang='lat' dir='ltr'>Idumaeis</span> <span class='ocrx_word' id='word_1_297' title='bbox 1518 2947 1521 2949; x_wconf 20' lang='grc' dir='ltr'><strong>Α</strong></span> <span class='ocrx_word' id='word_1_298' title='bbox 1536 2929 1589 2972; x_wconf 79' lang='grc' dir='ltr'>ἱιι</span> <span class='ocrx_word' id='word_1_299' title='bbox 1608 2931 1779 2986; x_wconf 89' lang='lat' dir='ltr'>regione</span> <span class='ocrx_word' id='word_1_300' title='bbox 1799 2944 1877 2973; x_wconf 89' lang='lat' dir='ltr'>sua</span> <span class='ocrx_word' id='word_1_301' title='bbox 1897 2944 2069 2974; x_wconf 88' lang='lat' dir='ltr'>manere</span> <span class='ocrx_word' id='word_1_302' title='bbox 2090 2930 2302 2986; x_wconf 87' lang='lat' dir='ltr'>permisit,</span> <span class='ocrx_word' id='word_1_303' title='bbox 2343 2929 2380 2972; x_wconf 87' lang='lat' dir='ltr'>si</span> 
     </span>
     <span class='ocr_line' id='line_1_33' title="bbox 530 3008 2377 3066; baseline -0.001 -15"><span class='ocrx_word' id='word_1_304' title='bbox 530 3010 731 3066; x_wconf 89' lang='lat' dir='ltr'>pudenda</span> <span class='ocrx_word' id='word_1_305' title='bbox 757 3010 1059 3051; x_wconf 86' lang='lat' dir='ltr'>circumcidere</span> <span class='ocrx_word' id='word_1_306' title='bbox 1089 3010 1343 3064; x_wconf 90' lang='lat' dir='ltr'>Iudaeisque</span> <span class='ocrx_word' id='word_1_307' title='bbox 1376 3008 1541 3064; x_wconf 87' lang='lat' dir='ltr'>legibus</span> <span class='ocrx_word' id='word_1_308' title='bbox 1571 3010 1631 3050; x_wconf 88' lang='lat' dir='ltr'>uti</span> <span class='ocrx_word' id='word_1_309' title='bbox 1661 3009 1841 3060; x_wconf 83' lang='lat' dir='ltr'>vellent,</span> <span class='ocrx_word' id='word_1_310' title='bbox 1878 3009 1958 3051; x_wconf 88' lang='lat' dir='ltr'>Ios.</span> <span class='ocrx_word' id='word_1_311' title='bbox 1988 3009 2084 3051; x_wconf 86' lang='lat' dir='ltr'>Ant.</span> <span class='ocrx_word' id='word_1_312' title='bbox 2112 3008 2235 3060; x_wconf 92' lang='lat' dir='ltr'>XIII,</span> <span class='ocrx_word' id='word_1_313' title='bbox 2267 3011 2311 3057; x_wconf 82' lang='lat'>9,</span> <span class='ocrx_word' id='word_1_314' title='bbox 2345 3011 2377 3049; x_wconf 92' lang='lat' dir='ltr'>l.</span> 
     </span>
     <span class='ocr_line' id='line_1_34' title="bbox 532 3086 2378 3142; baseline -0.002 -13"><span class='ocrx_word' id='word_1_315' title='bbox 532 3089 695 3129; x_wconf 84' lang='lat' dir='ltr'>Deinde</span> <span class='ocrx_word' id='word_1_316' title='bbox 716 3102 743 3129; x_wconf 90' lang='lat' dir='ltr'>a</span> <span class='ocrx_word' id='word_1_317' title='bbox 763 3087 1106 3128; x_wconf 86' lang='lat' dir='ltr'>meridionalibus</span> <span class='ocrx_word' id='word_1_318' title='bbox 1126 3087 1399 3142; x_wconf 86' lang='lat' dir='ltr'>progreditur</span> <span class='ocrx_word' id='word_1_319' title='bbox 1419 3088 1602 3141; x_wconf 87' lang='lat' dir='ltr'>scriptor</span> <span class='ocrx_word' id='word_1_320' title='bbox 1623 3088 1950 3141; x_wconf 86' lang='lat' dir='ltr'>septentrionem</span> <span class='ocrx_word' id='word_1_321' title='bbox 1979 3099 2125 3129; x_wconf 84' lang='lat' dir='ltr'>versus</span> <span class='ocrx_word' id='word_1_322' title='bbox 2152 3086 2208 3128; x_wconf 88' lang='lat' dir='ltr'>ad</span> <span class='ocrx_word' id='word_1_323' title='bbox 2230 3087 2378 3126; x_wconf 84' lang='lat' dir='ltr'>Sama-</span> 
     </span>
    </p>
   </div>
  </div>
 </body>
</html>
